timestamp;buyer;seller;symbol;currency;price;quantity
1400;;;VELVETFRUIT_EXTRACT;SEASHELLS;5269;50
1400;;;VEV_4000;SEASHELLS;1276;50
1400;;;VEV_4500;SEASHELLS;774;50
1400;;;VEV_5000;SEASHELLS;273;50
1400;;;VEV_5100;SEASHELLS;182;50
1400;;;VEV_5200;SEASHELLS;106;50
1400;;;VEV_5300;SEASHELLS;53;50
1400;;;VEV_5400;SEASHELLS;19;50
1400;;;VEV_5500;SEASHELLS;8;50
1400;;;VEV_6000;SEASHELLS;1;50
1400;;;VEV_6500;SEASHELLS;1;50
1800;;;VELVETFRUIT_EXTRACT;SEASHELLS;5268;50
1800;;;VEV_4000;SEASHELLS;1260;50
1800;;;VEV_4500;SEASHELLS;762;50
1800;;;VEV_5000;SEASHELLS;270;50
1800;;;VEV_5100;SEASHELLS;181;50
1800;;;VEV_5200;SEASHELLS;105;50
1800;;;VEV_5300;SEASHELLS;52;50
1800;;;VEV_5400;SEASHELLS;18;50
1800;;;VEV_5500;SEASHELLS;8;50
1800;;;VEV_6000;SEASHELLS;0;50
1800;;;VEV_6500;SEASHELLS;0;50
4500;;;VELVETFRUIT_EXTRACT;SEASHELLS;5266;50
4500;;;VEV_4000;SEASHELLS;1273;50
4500;;;VEV_4500;SEASHELLS;772;50
4500;;;VEV_5000;SEASHELLS;270;50
4500;;;VEV_5100;SEASHELLS;179;50
4500;;;VEV_5200;SEASHELLS;105;50
4500;;;VEV_5300;SEASHELLS;53;50
4500;;;VEV_5400;SEASHELLS;18;50
4500;;;VEV_5500;SEASHELLS;8;50
4500;;;VEV_6000;SEASHELLS;1;50
4500;;;VEV_6500;SEASHELLS;1;50
10100;;;VELVETFRUIT_EXTRACT;SEASHELLS;5264;50
10100;;;VEV_4000;SEASHELLS;1272;50
10100;;;VEV_4500;SEASHELLS;765;50
10100;;;VEV_5000;SEASHELLS;269;50
10100;;;VEV_5100;SEASHELLS;178;50
10100;;;VEV_5200;SEASHELLS;104;50
10100;;;VEV_5300;SEASHELLS;51;50
10100;;;VEV_5400;SEASHELLS;18;50
10100;;;VEV_5500;SEASHELLS;8;50
10100;;;VEV_6000;SEASHELLS;1;50
10100;;;VEV_6500;SEASHELLS;1;50
12900;;;VELVETFRUIT_EXTRACT;SEASHELLS;5266;50
12900;;;VEV_4000;SEASHELLS;1258;50
12900;;;VEV_4500;SEASHELLS;764;50
12900;;;VEV_5000;SEASHELLS;268;50
12900;;;VEV_5100;SEASHELLS;178;50
12900;;;VEV_5200;SEASHELLS;106;50
12900;;;VEV_5300;SEASHELLS;51;50
12900;;;VEV_5400;SEASHELLS;18;50
12900;;;VEV_5500;SEASHELLS;8;50
12900;;;VEV_6000;SEASHELLS;0;50
12900;;;VEV_6500;SEASHELLS;0;50
13000;;;VELVETFRUIT_EXTRACT;SEASHELLS;5268;50
13000;;;VEV_4000;SEASHELLS;1276;50
13000;;;VEV_4500;SEASHELLS;769;50
13000;;;VEV_5000;SEASHELLS;272;50
13000;;;VEV_5100;SEASHELLS;180;50
13000;;;VEV_5200;SEASHELLS;107;50
13000;;;VEV_5300;SEASHELLS;52;50
13000;;;VEV_5400;SEASHELLS;18;50
13000;;;VEV_5500;SEASHELLS;9;50
13000;;;VEV_6000;SEASHELLS;1;50
13000;;;VEV_6500;SEASHELLS;1;50
14700;;;VELVETFRUIT_EXTRACT;SEASHELLS;5266;50
14700;;;VEV_4000;SEASHELLS;1258;50
14700;;;VEV_4500;SEASHELLS;760;50
14700;;;VEV_5000;SEASHELLS;267;50
14700;;;VEV_5100;SEASHELLS;178;50
14700;;;VEV_5200;SEASHELLS;106;50
14700;;;VEV_5300;SEASHELLS;52;50
14700;;;VEV_5400;SEASHELLS;17;50
14700;;;VEV_5500;SEASHELLS;7;50
14700;;;VEV_6000;SEASHELLS;0;50
14700;;;VEV_6500;SEASHELLS;0;50
15500;;;VELVETFRUIT_EXTRACT;SEASHELLS;5266;50
15500;;;VEV_4000;SEASHELLS;1274;50
15500;;;VEV_4500;SEASHELLS;771;50
15500;;;VEV_5000;SEASHELLS;270;50
15500;;;VEV_5100;SEASHELLS;179;50
15500;;;VEV_5200;SEASHELLS;106;50
15500;;;VEV_5300;SEASHELLS;52;50
15500;;;VEV_5400;SEASHELLS;18;50
15500;;;VEV_5500;SEASHELLS;8;50
15500;;;VEV_6000;SEASHELLS;1;50
15500;;;VEV_6500;SEASHELLS;1;50
16600;;;VELVETFRUIT_EXTRACT;SEASHELLS;5267;50
16600;;;VEV_4000;SEASHELLS;1275;50
16600;;;VEV_4500;SEASHELLS;772;50
16600;;;VEV_5000;SEASHELLS;271;50
16600;;;VEV_5100;SEASHELLS;181;50
16600;;;VEV_5200;SEASHELLS;106;50
16600;;;VEV_5300;SEASHELLS;52;50
16600;;;VEV_5400;SEASHELLS;18;50
16600;;;VEV_5500;SEASHELLS;8;50
16600;;;VEV_6000;SEASHELLS;1;50
16600;;;VEV_6500;SEASHELLS;1;50
19400;;;VELVETFRUIT_EXTRACT;SEASHELLS;5265;50
19400;;;VEV_4000;SEASHELLS;1257;50
19400;;;VEV_4500;SEASHELLS;759;50
19400;;;VEV_5000;SEASHELLS;267;50
19400;;;VEV_5100;SEASHELLS;179;50
19400;;;VEV_5200;SEASHELLS;106;50
19400;;;VEV_5300;SEASHELLS;50;50
19400;;;VEV_5400;SEASHELLS;18;50
19400;;;VEV_5500;SEASHELLS;7;50
19400;;;VEV_6000;SEASHELLS;0;50
19400;;;VEV_6500;SEASHELLS;0;50
22400;;;VELVETFRUIT_EXTRACT;SEASHELLS;5264;50
22400;;;VEV_4000;SEASHELLS;1256;50
22400;;;VEV_4500;SEASHELLS;758;50
22400;;;VEV_5000;SEASHELLS;267;50
22400;;;VEV_5100;SEASHELLS;177;50
22400;;;VEV_5200;SEASHELLS;105;50
22400;;;VEV_5300;SEASHELLS;51;50
22400;;;VEV_5400;SEASHELLS;17;50
22400;;;VEV_5500;SEASHELLS;8;50
22400;;;VEV_6000;SEASHELLS;0;50
22400;;;VEV_6500;SEASHELLS;0;50
24000;;;VELVETFRUIT_EXTRACT;SEASHELLS;5265;50
24000;;;VEV_4000;SEASHELLS;1257;50
24000;;;VEV_4500;SEASHELLS;760;50
24000;;;VEV_5000;SEASHELLS;268;50
24000;;;VEV_5100;SEASHELLS;177;50
24000;;;VEV_5200;SEASHELLS;105;50
24000;;;VEV_5300;SEASHELLS;51;50
24000;;;VEV_5400;SEASHELLS;17;50
24000;;;VEV_5500;SEASHELLS;8;50
24000;;;VEV_6000;SEASHELLS;0;50
24000;;;VEV_6500;SEASHELLS;0;50
26500;;;VELVETFRUIT_EXTRACT;SEASHELLS;5260;50
26500;;;VEV_4000;SEASHELLS;1268;50
26500;;;VEV_4500;SEASHELLS;766;50
26500;;;VEV_5000;SEASHELLS;265;50
26500;;;VEV_5100;SEASHELLS;174;50
26500;;;VEV_5200;SEASHELLS;103;50
26500;;;VEV_5300;SEASHELLS;49;50
26500;;;VEV_5400;SEASHELLS;18;50
26500;;;VEV_5500;SEASHELLS;8;50
26500;;;VEV_6000;SEASHELLS;1;50
26500;;;VEV_6500;SEASHELLS;1;50
28300;;;VELVETFRUIT_EXTRACT;SEASHELLS;5262;50
28300;;;VEV_4000;SEASHELLS;1253;50
28300;;;VEV_4500;SEASHELLS;755;50
28300;;;VEV_5000;SEASHELLS;264;50
28300;;;VEV_5100;SEASHELLS;174;50
28300;;;VEV_5200;SEASHELLS;103;50
28300;;;VEV_5300;SEASHELLS;50;50
28300;;;VEV_5400;SEASHELLS;17;50
28300;;;VEV_5500;SEASHELLS;8;50
28300;;;VEV_6000;SEASHELLS;0;50
28300;;;VEV_6500;SEASHELLS;0;50
34800;;;VELVETFRUIT_EXTRACT;SEASHELLS;5259;50
34800;;;VEV_4000;SEASHELLS;1251;50
34800;;;VEV_4500;SEASHELLS;754;50
34800;;;VEV_5000;SEASHELLS;262;50
34800;;;VEV_5100;SEASHELLS;171;50
34800;;;VEV_5200;SEASHELLS;101;50
34800;;;VEV_5300;SEASHELLS;49;50
34800;;;VEV_5400;SEASHELLS;15;50
34800;;;VEV_5500;SEASHELLS;7;50
34800;;;VEV_6000;SEASHELLS;0;50
34800;;;VEV_6500;SEASHELLS;0;50
35400;;;VELVETFRUIT_EXTRACT;SEASHELLS;5260;50
35400;;;VEV_4000;SEASHELLS;1252;50
35400;;;VEV_4500;SEASHELLS;755;50
35400;;;VEV_5000;SEASHELLS;263;50
35400;;;VEV_5100;SEASHELLS;172;50
35400;;;VEV_5200;SEASHELLS;101;50
35400;;;VEV_5300;SEASHELLS;49;50
35400;;;VEV_5400;SEASHELLS;16;50
35400;;;VEV_5500;SEASHELLS;8;50
35400;;;VEV_6000;SEASHELLS;0;50
35400;;;VEV_6500;SEASHELLS;0;50
36500;;;VELVETFRUIT_EXTRACT;SEASHELLS;5261;50
36500;;;VEV_4000;SEASHELLS;1269;50
36500;;;VEV_4500;SEASHELLS;766;50
36500;;;VEV_5000;SEASHELLS;265;50
36500;;;VEV_5100;SEASHELLS;172;50
36500;;;VEV_5200;SEASHELLS;102;50
36500;;;VEV_5300;SEASHELLS;50;50
36500;;;VEV_5400;SEASHELLS;17;50
36500;;;VEV_5500;SEASHELLS;8;50
36500;;;VEV_6000;SEASHELLS;1;50
36500;;;VEV_6500;SEASHELLS;1;50
38600;;;VELVETFRUIT_EXTRACT;SEASHELLS;5259;50
38600;;;VEV_4000;SEASHELLS;1268;50
38600;;;VEV_4500;SEASHELLS;765;50
38600;;;VEV_5000;SEASHELLS;265;50
38600;;;VEV_5100;SEASHELLS;173;50
38600;;;VEV_5200;SEASHELLS;101;50
38600;;;VEV_5300;SEASHELLS;49;50
38600;;;VEV_5400;SEASHELLS;18;50
38600;;;VEV_5500;SEASHELLS;8;50
38600;;;VEV_6000;SEASHELLS;1;50
38600;;;VEV_6500;SEASHELLS;1;50
42300;;;VELVETFRUIT_EXTRACT;SEASHELLS;5262;50
42300;;;VEV_4000;SEASHELLS;1265;50
42300;;;VEV_4500;SEASHELLS;767;50
42300;;;VEV_5000;SEASHELLS;267;50
42300;;;VEV_5100;SEASHELLS;176;50
42300;;;VEV_5200;SEASHELLS;103;50
42300;;;VEV_5300;SEASHELLS;50;50
42300;;;VEV_5400;SEASHELLS;18;50
42300;;;VEV_5500;SEASHELLS;8;50
42300;;;VEV_6000;SEASHELLS;1;50
42300;;;VEV_6500;SEASHELLS;1;50
43900;;;VELVETFRUIT_EXTRACT;SEASHELLS;5262;50
43900;;;VEV_4000;SEASHELLS;1259;50
43900;;;VEV_4500;SEASHELLS;756;50
43900;;;VEV_5000;SEASHELLS;265;50
43900;;;VEV_5100;SEASHELLS;176;50
43900;;;VEV_5200;SEASHELLS;103;50
43900;;;VEV_5300;SEASHELLS;50;50
43900;;;VEV_5400;SEASHELLS;18;50
43900;;;VEV_5500;SEASHELLS;7;50
43900;;;VEV_6000;SEASHELLS;0;50
43900;;;VEV_6500;SEASHELLS;0;50
46300;;;VELVETFRUIT_EXTRACT;SEASHELLS;5260;50
46300;;;VEV_4000;SEASHELLS;1252;50
46300;;;VEV_4500;SEASHELLS;755;50
46300;;;VEV_5000;SEASHELLS;264;50
46300;;;VEV_5100;SEASHELLS;174;50
46300;;;VEV_5200;SEASHELLS;102;50
46300;;;VEV_5300;SEASHELLS;50;50
46300;;;VEV_5400;SEASHELLS;18;50
46300;;;VEV_5500;SEASHELLS;7;50
46300;;;VEV_6000;SEASHELLS;0;50
46300;;;VEV_6500;SEASHELLS;0;50
50500;;;VELVETFRUIT_EXTRACT;SEASHELLS;5264;50
50500;;;VEV_4000;SEASHELLS;1272;50
50500;;;VEV_4500;SEASHELLS;769;50
50500;;;VEV_5000;SEASHELLS;270;50
50500;;;VEV_5100;SEASHELLS;176;50
50500;;;VEV_5200;SEASHELLS;103;50
50500;;;VEV_5300;SEASHELLS;51;50
50500;;;VEV_5400;SEASHELLS;18;50
50500;;;VEV_5500;SEASHELLS;8;50
50500;;;VEV_6000;SEASHELLS;1;50
50500;;;VEV_6500;SEASHELLS;1;50
52200;;;VELVETFRUIT_EXTRACT;SEASHELLS;5262;50
52200;;;VEV_4000;SEASHELLS;1253;50
52200;;;VEV_4500;SEASHELLS;755;50
52200;;;VEV_5000;SEASHELLS;264;50
52200;;;VEV_5100;SEASHELLS;176;50
52200;;;VEV_5200;SEASHELLS;101;50
52200;;;VEV_5300;SEASHELLS;49;50
52200;;;VEV_5400;SEASHELLS;18;50
52200;;;VEV_5500;SEASHELLS;7;50
52200;;;VEV_6000;SEASHELLS;0;50
52200;;;VEV_6500;SEASHELLS;0;50
53300;;;VELVETFRUIT_EXTRACT;SEASHELLS;5261;50
53300;;;VEV_4000;SEASHELLS;1269;50
53300;;;VEV_4500;SEASHELLS;767;50
53300;;;VEV_5000;SEASHELLS;267;50
53300;;;VEV_5100;SEASHELLS;174;50
53300;;;VEV_5200;SEASHELLS;102;50
53300;;;VEV_5300;SEASHELLS;50;50
53300;;;VEV_5400;SEASHELLS;18;50
53300;;;VEV_5500;SEASHELLS;8;50
53300;;;VEV_6000;SEASHELLS;1;50
53300;;;VEV_6500;SEASHELLS;1;50
56400;;;VELVETFRUIT_EXTRACT;SEASHELLS;5261;50
56400;;;VEV_4000;SEASHELLS;1268;50
56400;;;VEV_4500;SEASHELLS;766;50
56400;;;VEV_5000;SEASHELLS;266;50
56400;;;VEV_5100;SEASHELLS;176;50
56400;;;VEV_5200;SEASHELLS;101;50
56400;;;VEV_5300;SEASHELLS;50;50
56400;;;VEV_5400;SEASHELLS;18;50
56400;;;VEV_5500;SEASHELLS;8;50
56400;;;VEV_6000;SEASHELLS;1;50
56400;;;VEV_6500;SEASHELLS;1;50
59100;;;VELVETFRUIT_EXTRACT;SEASHELLS;5258;50
59100;;;VEV_4000;SEASHELLS;1266;50
59100;;;VEV_4500;SEASHELLS;763;50
59100;;;VEV_5000;SEASHELLS;262;50
59100;;;VEV_5100;SEASHELLS;172;50
59100;;;VEV_5200;SEASHELLS;98;50
59100;;;VEV_5300;SEASHELLS;49;50
59100;;;VEV_5400;SEASHELLS;18;50
59100;;;VEV_5500;SEASHELLS;8;50
59100;;;VEV_6000;SEASHELLS;1;50
59100;;;VEV_6500;SEASHELLS;1;50
59200;;;VELVETFRUIT_EXTRACT;SEASHELLS;5260;50
59200;;;VEV_4000;SEASHELLS;1268;50
59200;;;VEV_4500;SEASHELLS;765;50
59200;;;VEV_5000;SEASHELLS;265;50
59200;;;VEV_5100;SEASHELLS;174;50
59200;;;VEV_5200;SEASHELLS;100;50
59200;;;VEV_5300;SEASHELLS;49;50
59200;;;VEV_5400;SEASHELLS;18;50
59200;;;VEV_5500;SEASHELLS;8;50
59200;;;VEV_6000;SEASHELLS;1;50
59200;;;VEV_6500;SEASHELLS;1;50
59900;;;VELVETFRUIT_EXTRACT;SEASHELLS;5261;50
59900;;;VEV_4000;SEASHELLS;1252;50
59900;;;VEV_4500;SEASHELLS;756;50
59900;;;VEV_5000;SEASHELLS;264;50
59900;;;VEV_5100;SEASHELLS;175;50
59900;;;VEV_5200;SEASHELLS;101;50
59900;;;VEV_5300;SEASHELLS;50;50
59900;;;VEV_5400;SEASHELLS;17;50
59900;;;VEV_5500;SEASHELLS;8;50
59900;;;VEV_6000;SEASHELLS;0;50
59900;;;VEV_6500;SEASHELLS;0;50
61300;;;VELVETFRUIT_EXTRACT;SEASHELLS;5260;50
61300;;;VEV_4000;SEASHELLS;1268;50
61300;;;VEV_4500;SEASHELLS;765;50
61300;;;VEV_5000;SEASHELLS;266;50
61300;;;VEV_5100;SEASHELLS;174;50
61300;;;VEV_5200;SEASHELLS;100;50
61300;;;VEV_5300;SEASHELLS;50;50
61300;;;VEV_5400;SEASHELLS;18;50
61300;;;VEV_5500;SEASHELLS;9;50
61300;;;VEV_6000;SEASHELLS;1;50
61300;;;VEV_6500;SEASHELLS;1;50
69600;;;VELVETFRUIT_EXTRACT;SEASHELLS;5263;50
69600;;;VEV_4000;SEASHELLS;1271;50
69600;;;VEV_4500;SEASHELLS;768;50
69600;;;VEV_5000;SEASHELLS;267;50
69600;;;VEV_5100;SEASHELLS;176;50
69600;;;VEV_5200;SEASHELLS;104;50
69600;;;VEV_5300;SEASHELLS;51;50
69600;;;VEV_5400;SEASHELLS;18;50
69600;;;VEV_5500;SEASHELLS;8;50
69600;;;VEV_6000;SEASHELLS;1;50
69600;;;VEV_6500;SEASHELLS;1;50
73200;;;VELVETFRUIT_EXTRACT;SEASHELLS;5261;50
73200;;;VEV_4000;SEASHELLS;1253;50
73200;;;VEV_4500;SEASHELLS;755;50
73200;;;VEV_5000;SEASHELLS;264;50
73200;;;VEV_5100;SEASHELLS;174;50
73200;;;VEV_5200;SEASHELLS;101;50
73200;;;VEV_5300;SEASHELLS;51;50
73200;;;VEV_5400;SEASHELLS;16;50
73200;;;VEV_5500;SEASHELLS;7;50
73200;;;VEV_6000;SEASHELLS;0;50
73200;;;VEV_6500;SEASHELLS;0;50
73300;;;VELVETFRUIT_EXTRACT;SEASHELLS;5263;50
73300;;;VEV_4000;SEASHELLS;1271;50
73300;;;VEV_4500;SEASHELLS;768;50
73300;;;VEV_5000;SEASHELLS;267;50
73300;;;VEV_5100;SEASHELLS;176;50
73300;;;VEV_5200;SEASHELLS;102;50
73300;;;VEV_5300;SEASHELLS;52;50
73300;;;VEV_5400;SEASHELLS;17;50
73300;;;VEV_5500;SEASHELLS;8;50
73300;;;VEV_6000;SEASHELLS;1;50
73300;;;VEV_6500;SEASHELLS;1;50
74300;;;VELVETFRUIT_EXTRACT;SEASHELLS;5259;50
74300;;;VEV_4000;SEASHELLS;1251;50
74300;;;VEV_4500;SEASHELLS;753;50
74300;;;VEV_5000;SEASHELLS;262;50
74300;;;VEV_5100;SEASHELLS;173;50
74300;;;VEV_5200;SEASHELLS;99;50
74300;;;VEV_5300;SEASHELLS;51;50
74300;;;VEV_5400;SEASHELLS;16;50
74300;;;VEV_5500;SEASHELLS;7;50
74300;;;VEV_6000;SEASHELLS;0;50
74300;;;VEV_6500;SEASHELLS;0;50
76400;;;VELVETFRUIT_EXTRACT;SEASHELLS;5263;50
76400;;;VEV_4000;SEASHELLS;1271;50
76400;;;VEV_4500;SEASHELLS;768;50
76400;;;VEV_5000;SEASHELLS;267;50
76400;;;VEV_5100;SEASHELLS;177;50
76400;;;VEV_5200;SEASHELLS;102;50
76400;;;VEV_5300;SEASHELLS;52;50
76400;;;VEV_5400;SEASHELLS;18;50
76400;;;VEV_5500;SEASHELLS;8;50
76400;;;VEV_6000;SEASHELLS;1;50
76400;;;VEV_6500;SEASHELLS;1;50
78300;;;VELVETFRUIT_EXTRACT;SEASHELLS;5262;50
78300;;;VEV_4000;SEASHELLS;1270;50
78300;;;VEV_4500;SEASHELLS;767;50
78300;;;VEV_5000;SEASHELLS;267;50
78300;;;VEV_5100;SEASHELLS;176;50
78300;;;VEV_5200;SEASHELLS;101;50
78300;;;VEV_5300;SEASHELLS;51;50
78300;;;VEV_5400;SEASHELLS;18;50
78300;;;VEV_5500;SEASHELLS;8;50
78300;;;VEV_6000;SEASHELLS;1;50
78300;;;VEV_6500;SEASHELLS;1;50
79700;;;VELVETFRUIT_EXTRACT;SEASHELLS;5263;50
79700;;;VEV_4000;SEASHELLS;1255;50
79700;;;VEV_4500;SEASHELLS;757;50
79700;;;VEV_5000;SEASHELLS;265;50
79700;;;VEV_5100;SEASHELLS;176;50
79700;;;VEV_5200;SEASHELLS;101;50
79700;;;VEV_5300;SEASHELLS;51;50
79700;;;VEV_5400;SEASHELLS;16;50
79700;;;VEV_5500;SEASHELLS;7;50
79700;;;VEV_6000;SEASHELLS;0;50
79700;;;VEV_6500;SEASHELLS;0;50
82300;;;VELVETFRUIT_EXTRACT;SEASHELLS;5269;50
82300;;;VEV_4000;SEASHELLS;1277;50
82300;;;VEV_4500;SEASHELLS;774;50
82300;;;VEV_5000;SEASHELLS;272;50
82300;;;VEV_5100;SEASHELLS;181;50
82300;;;VEV_5200;SEASHELLS;105;50
82300;;;VEV_5300;SEASHELLS;53;50
82300;;;VEV_5400;SEASHELLS;18;50
82300;;;VEV_5500;SEASHELLS;8;50
82300;;;VEV_6000;SEASHELLS;1;50
82300;;;VEV_6500;SEASHELLS;1;50
83300;;;VELVETFRUIT_EXTRACT;SEASHELLS;5265;50
83300;;;VEV_4000;SEASHELLS;1258;50
83300;;;VEV_4500;SEASHELLS;760;50
83300;;;VEV_5000;SEASHELLS;269;50
83300;;;VEV_5100;SEASHELLS;179;50
83300;;;VEV_5200;SEASHELLS;103;50
83300;;;VEV_5300;SEASHELLS;52;50
83300;;;VEV_5400;SEASHELLS;17;50
83300;;;VEV_5500;SEASHELLS;7;50
83300;;;VEV_6000;SEASHELLS;0;50
83300;;;VEV_6500;SEASHELLS;0;50
86900;;;VELVETFRUIT_EXTRACT;SEASHELLS;5259;50
86900;;;VEV_4000;SEASHELLS;1252;50
86900;;;VEV_4500;SEASHELLS;754;50
86900;;;VEV_5000;SEASHELLS;262;50
86900;;;VEV_5100;SEASHELLS;175;50
86900;;;VEV_5200;SEASHELLS;100;50
86900;;;VEV_5300;SEASHELLS;51;50
86900;;;VEV_5400;SEASHELLS;17;50
86900;;;VEV_5500;SEASHELLS;7;50
86900;;;VEV_6000;SEASHELLS;0;50
86900;;;VEV_6500;SEASHELLS;0;50
87100;;;VELVETFRUIT_EXTRACT;SEASHELLS;5257;50
87100;;;VEV_4000;SEASHELLS;1249;50
87100;;;VEV_4500;SEASHELLS;751;50
87100;;;VEV_5000;SEASHELLS;260;50
87100;;;VEV_5100;SEASHELLS;172;50
87100;;;VEV_5200;SEASHELLS;98;50
87100;;;VEV_5300;SEASHELLS;50;50
87100;;;VEV_5400;SEASHELLS;17;50
87100;;;VEV_5500;SEASHELLS;7;50
87100;;;VEV_6000;SEASHELLS;0;50
87100;;;VEV_6500;SEASHELLS;0;50
92900;;;VELVETFRUIT_EXTRACT;SEASHELLS;5258;50
92900;;;VEV_4000;SEASHELLS;1266;50
92900;;;VEV_4500;SEASHELLS;763;50
92900;;;VEV_5000;SEASHELLS;262;50
92900;;;VEV_5100;SEASHELLS;173;50
92900;;;VEV_5200;SEASHELLS;99;50
92900;;;VEV_5300;SEASHELLS;51;50
92900;;;VEV_5400;SEASHELLS;17;50
92900;;;VEV_5500;SEASHELLS;8;50
92900;;;VEV_6000;SEASHELLS;1;50
92900;;;VEV_6500;SEASHELLS;1;50
96000;;;VELVETFRUIT_EXTRACT;SEASHELLS;5259;50
96000;;;VEV_4000;SEASHELLS;1267;50
96000;;;VEV_4500;SEASHELLS;764;50
96000;;;VEV_5000;SEASHELLS;264;50
96000;;;VEV_5100;SEASHELLS;174;50
96000;;;VEV_5200;SEASHELLS;99;50
96000;;;VEV_5300;SEASHELLS;52;50
96000;;;VEV_5400;SEASHELLS;17;50
96000;;;VEV_5500;SEASHELLS;8;50
96000;;;VEV_6000;SEASHELLS;1;50
96000;;;VEV_6500;SEASHELLS;1;50
97100;;;VELVETFRUIT_EXTRACT;SEASHELLS;5258;50
97100;;;VEV_4000;SEASHELLS;1250;50
97100;;;VEV_4500;SEASHELLS;752;50
97100;;;VEV_5000;SEASHELLS;261;50
97100;;;VEV_5100;SEASHELLS;174;50
97100;;;VEV_5200;SEASHELLS;100;50
97100;;;VEV_5300;SEASHELLS;51;50
97100;;;VEV_5400;SEASHELLS;17;50
97100;;;VEV_5500;SEASHELLS;6;50
97100;;;VEV_6000;SEASHELLS;0;50
97100;;;VEV_6500;SEASHELLS;0;50
99200;;;VELVETFRUIT_EXTRACT;SEASHELLS;5256;50
99200;;;VEV_4000;SEASHELLS;1264;50
99200;;;VEV_4500;SEASHELLS;761;50
99200;;;VEV_5000;SEASHELLS;261;50
99200;;;VEV_5100;SEASHELLS;172;50
99200;;;VEV_5200;SEASHELLS;98;50
99200;;;VEV_5300;SEASHELLS;51;50
99200;;;VEV_5400;SEASHELLS;17;50
99200;;;VEV_5500;SEASHELLS;8;50
99200;;;VEV_6000;SEASHELLS;1;50
99200;;;VEV_6500;SEASHELLS;1;50
105600;;;VELVETFRUIT_EXTRACT;SEASHELLS;5257;50
105600;;;VEV_4000;SEASHELLS;1248;50
105600;;;VEV_4500;SEASHELLS;750;50
105600;;;VEV_5000;SEASHELLS;259;50
105600;;;VEV_5100;SEASHELLS;172;50
105600;;;VEV_5200;SEASHELLS;98;50
105600;;;VEV_5300;SEASHELLS;50;50
105600;;;VEV_5400;SEASHELLS;17;50
105600;;;VEV_5500;SEASHELLS;7;50
105600;;;VEV_6000;SEASHELLS;0;50
105600;;;VEV_6500;SEASHELLS;0;50
109400;;;VELVETFRUIT_EXTRACT;SEASHELLS;5258;50
109400;;;VEV_4000;SEASHELLS;1266;50
109400;;;VEV_4500;SEASHELLS;764;50
109400;;;VEV_5000;SEASHELLS;263;50
109400;;;VEV_5100;SEASHELLS;175;50
109400;;;VEV_5200;SEASHELLS;100;50
109400;;;VEV_5300;SEASHELLS;51;50
109400;;;VEV_5400;SEASHELLS;17;50
109400;;;VEV_5500;SEASHELLS;7;50
109400;;;VEV_6000;SEASHELLS;1;50
109400;;;VEV_6500;SEASHELLS;1;50
114200;;;VELVETFRUIT_EXTRACT;SEASHELLS;5260;50
114200;;;VEV_4000;SEASHELLS;1268;50
114200;;;VEV_4500;SEASHELLS;765;50
114200;;;VEV_5000;SEASHELLS;264;50
114200;;;VEV_5100;SEASHELLS;176;50
114200;;;VEV_5200;SEASHELLS;101;50
114200;;;VEV_5300;SEASHELLS;51;50
114200;;;VEV_5400;SEASHELLS;18;50
114200;;;VEV_5500;SEASHELLS;8;50
114200;;;VEV_6000;SEASHELLS;1;50
114200;;;VEV_6500;SEASHELLS;1;50
118300;;;VELVETFRUIT_EXTRACT;SEASHELLS;5261;50
118300;;;VEV_4000;SEASHELLS;1269;50
118300;;;VEV_4500;SEASHELLS;766;50
118300;;;VEV_5000;SEASHELLS;265;50
118300;;;VEV_5100;SEASHELLS;176;50
118300;;;VEV_5200;SEASHELLS;102;50
118300;;;VEV_5300;SEASHELLS;51;50
118300;;;VEV_5400;SEASHELLS;19;50
118300;;;VEV_5500;SEASHELLS;8;50
118300;;;VEV_6000;SEASHELLS;1;50
118300;;;VEV_6500;SEASHELLS;1;50
123000;;;VELVETFRUIT_EXTRACT;SEASHELLS;5256;50
123000;;;VEV_4000;SEASHELLS;1249;50
123000;;;VEV_4500;SEASHELLS;751;50
123000;;;VEV_5000;SEASHELLS;260;50
123000;;;VEV_5100;SEASHELLS;173;50
123000;;;VEV_5200;SEASHELLS;99;50
123000;;;VEV_5300;SEASHELLS;50;50
123000;;;VEV_5400;SEASHELLS;17;50
123000;;;VEV_5500;SEASHELLS;6;50
123000;;;VEV_6000;SEASHELLS;0;50
123000;;;VEV_6500;SEASHELLS;0;50
123600;;;VELVETFRUIT_EXTRACT;SEASHELLS;5260;50
123600;;;VEV_4000;SEASHELLS;1268;50
123600;;;VEV_4500;SEASHELLS;765;50
123600;;;VEV_5000;SEASHELLS;264;50
123600;;;VEV_5100;SEASHELLS;175;50
123600;;;VEV_5200;SEASHELLS;100;50
123600;;;VEV_5300;SEASHELLS;51;50
123600;;;VEV_5400;SEASHELLS;18;50
123600;;;VEV_5500;SEASHELLS;8;50
123600;;;VEV_6000;SEASHELLS;1;50
123600;;;VEV_6500;SEASHELLS;1;50
127400;;;VELVETFRUIT_EXTRACT;SEASHELLS;5260;50
127400;;;VEV_4000;SEASHELLS;1268;50
127400;;;VEV_4500;SEASHELLS;766;50
127400;;;VEV_5000;SEASHELLS;264;50
127400;;;VEV_5100;SEASHELLS;175;50
127400;;;VEV_5200;SEASHELLS;101;50
127400;;;VEV_5300;SEASHELLS;51;50
127400;;;VEV_5400;SEASHELLS;18;50
127400;;;VEV_5500;SEASHELLS;8;50
127400;;;VEV_6000;SEASHELLS;1;50
127400;;;VEV_6500;SEASHELLS;1;50
128900;;;VELVETFRUIT_EXTRACT;SEASHELLS;5258;50
128900;;;VEV_4000;SEASHELLS;1266;50
128900;;;VEV_4500;SEASHELLS;764;50
128900;;;VEV_5000;SEASHELLS;262;50
128900;;;VEV_5100;SEASHELLS;174;50
128900;;;VEV_5200;SEASHELLS;99;50
128900;;;VEV_5300;SEASHELLS;51;50
128900;;;VEV_5400;SEASHELLS;18;50
128900;;;VEV_5500;SEASHELLS;8;50
128900;;;VEV_6000;SEASHELLS;1;50
128900;;;VEV_6500;SEASHELLS;1;50
134500;;;VELVETFRUIT_EXTRACT;SEASHELLS;5264;50
134500;;;VEV_4000;SEASHELLS;1272;50
134500;;;VEV_4500;SEASHELLS;769;50
134500;;;VEV_5000;SEASHELLS;268;50
134500;;;VEV_5100;SEASHELLS;179;50
134500;;;VEV_5200;SEASHELLS;104;50
134500;;;VEV_5300;SEASHELLS;53;50
134500;;;VEV_5400;SEASHELLS;19;50
134500;;;VEV_5500;SEASHELLS;8;50
134500;;;VEV_6000;SEASHELLS;1;50
134500;;;VEV_6500;SEASHELLS;1;50
136700;;;VELVETFRUIT_EXTRACT;SEASHELLS;5275;50
136700;;;VEV_4000;SEASHELLS;1283;50
136700;;;VEV_4500;SEASHELLS;781;50
136700;;;VEV_5000;SEASHELLS;278;50
136700;;;VEV_5100;SEASHELLS;187;50
136700;;;VEV_5200;SEASHELLS;110;50
136700;;;VEV_5300;SEASHELLS;57;50
136700;;;VEV_5400;SEASHELLS;20;50
136700;;;VEV_5500;SEASHELLS;9;50
136700;;;VEV_6000;SEASHELLS;1;50
136700;;;VEV_6500;SEASHELLS;1;50
139300;;;VELVETFRUIT_EXTRACT;SEASHELLS;5268;50
139300;;;VEV_4000;SEASHELLS;1260;50
139300;;;VEV_4500;SEASHELLS;762;50
139300;;;VEV_5000;SEASHELLS;270;50
139300;;;VEV_5100;SEASHELLS;180;50
139300;;;VEV_5200;SEASHELLS;104;50
139300;;;VEV_5300;SEASHELLS;54;50
139300;;;VEV_5400;SEASHELLS;18;50
139300;;;VEV_5500;SEASHELLS;8;50
139300;;;VEV_6000;SEASHELLS;0;50
139300;;;VEV_6500;SEASHELLS;0;50
140400;;;VELVETFRUIT_EXTRACT;SEASHELLS;5266;50
140400;;;VEV_4000;SEASHELLS;1274;50
140400;;;VEV_4500;SEASHELLS;771;50
140400;;;VEV_5000;SEASHELLS;270;50
140400;;;VEV_5100;SEASHELLS;179;50
140400;;;VEV_5200;SEASHELLS;103;50
140400;;;VEV_5300;SEASHELLS;54;50
140400;;;VEV_5400;SEASHELLS;19;50
140400;;;VEV_5500;SEASHELLS;8;50
140400;;;VEV_6000;SEASHELLS;1;50
140400;;;VEV_6500;SEASHELLS;1;50
144700;;;VELVETFRUIT_EXTRACT;SEASHELLS;5275;50
144700;;;VEV_4000;SEASHELLS;1282;50
144700;;;VEV_4500;SEASHELLS;780;50
144700;;;VEV_5000;SEASHELLS;278;50
144700;;;VEV_5100;SEASHELLS;186;50
144700;;;VEV_5200;SEASHELLS;109;50
144700;;;VEV_5300;SEASHELLS;56;50
144700;;;VEV_5400;SEASHELLS;20;50
144700;;;VEV_5500;SEASHELLS;8;50
144700;;;VEV_6000;SEASHELLS;1;50
144700;;;VEV_6500;SEASHELLS;1;50
146200;;;VELVETFRUIT_EXTRACT;SEASHELLS;5267;50
146200;;;VEV_4000;SEASHELLS;1259;50
146200;;;VEV_4500;SEASHELLS;761;50
146200;;;VEV_5000;SEASHELLS;269;50
146200;;;VEV_5100;SEASHELLS;179;50
146200;;;VEV_5200;SEASHELLS;105;50
146200;;;VEV_5300;SEASHELLS;53;50
146200;;;VEV_5400;SEASHELLS;18;50
146200;;;VEV_5500;SEASHELLS;7;50
146200;;;VEV_6000;SEASHELLS;0;50
146200;;;VEV_6500;SEASHELLS;0;50
148500;;;VELVETFRUIT_EXTRACT;SEASHELLS;5268;50
148500;;;VEV_4000;SEASHELLS;1276;50
148500;;;VEV_4500;SEASHELLS;773;50
148500;;;VEV_5000;SEASHELLS;271;50
148500;;;VEV_5100;SEASHELLS;181;50
148500;;;VEV_5200;SEASHELLS;105;50
148500;;;VEV_5300;SEASHELLS;53;50
148500;;;VEV_5400;SEASHELLS;18;50
148500;;;VEV_5500;SEASHELLS;8;50
148500;;;VEV_6000;SEASHELLS;1;50
148500;;;VEV_6500;SEASHELLS;1;50
156200;;;VELVETFRUIT_EXTRACT;SEASHELLS;5270;50
156200;;;VEV_4000;SEASHELLS;1278;50
156200;;;VEV_4500;SEASHELLS;775;50
156200;;;VEV_5000;SEASHELLS;273;50
156200;;;VEV_5100;SEASHELLS;181;50
156200;;;VEV_5200;SEASHELLS;107;50
156200;;;VEV_5300;SEASHELLS;53;50
156200;;;VEV_5400;SEASHELLS;19;50
156200;;;VEV_5500;SEASHELLS;8;50
156200;;;VEV_6000;SEASHELLS;1;50
156200;;;VEV_6500;SEASHELLS;1;50
158000;;;VELVETFRUIT_EXTRACT;SEASHELLS;5268;50
158000;;;VEV_4000;SEASHELLS;1259;50
158000;;;VEV_4500;SEASHELLS;762;50
158000;;;VEV_5000;SEASHELLS;270;50
158000;;;VEV_5100;SEASHELLS;180;50
158000;;;VEV_5200;SEASHELLS;106;50
158000;;;VEV_5300;SEASHELLS;52;50
158000;;;VEV_5400;SEASHELLS;17;50
158000;;;VEV_5500;SEASHELLS;7;50
158000;;;VEV_6000;SEASHELLS;0;50
158000;;;VEV_6500;SEASHELLS;0;50
160800;;;VELVETFRUIT_EXTRACT;SEASHELLS;5263;50
160800;;;VEV_4000;SEASHELLS;1271;50
160800;;;VEV_4500;SEASHELLS;768;50
160800;;;VEV_5000;SEASHELLS;268;50
160800;;;VEV_5100;SEASHELLS;178;50
160800;;;VEV_5200;SEASHELLS;104;50
160800;;;VEV_5300;SEASHELLS;53;50
160800;;;VEV_5400;SEASHELLS;18;50
160800;;;VEV_5500;SEASHELLS;8;50
160800;;;VEV_6000;SEASHELLS;1;50
160800;;;VEV_6500;SEASHELLS;1;50
164300;;;VELVETFRUIT_EXTRACT;SEASHELLS;5266;50
164300;;;VEV_4000;SEASHELLS;1259;50
164300;;;VEV_4500;SEASHELLS;761;50
164300;;;VEV_5000;SEASHELLS;271;50
164300;;;VEV_5100;SEASHELLS;178;50
164300;;;VEV_5200;SEASHELLS;105;50
164300;;;VEV_5300;SEASHELLS;52;50
164300;;;VEV_5400;SEASHELLS;17;50
164300;;;VEV_5500;SEASHELLS;7;50
164300;;;VEV_6000;SEASHELLS;0;50
164300;;;VEV_6500;SEASHELLS;0;50
165600;;;VELVETFRUIT_EXTRACT;SEASHELLS;5267;50
165600;;;VEV_4000;SEASHELLS;1258;50
165600;;;VEV_4500;SEASHELLS;760;50
165600;;;VEV_5000;SEASHELLS;268;50
165600;;;VEV_5100;SEASHELLS;178;50
165600;;;VEV_5200;SEASHELLS;104;50
165600;;;VEV_5300;SEASHELLS;52;50
165600;;;VEV_5400;SEASHELLS;17;50
165600;;;VEV_5500;SEASHELLS;7;50
165600;;;VEV_6000;SEASHELLS;0;50
165600;;;VEV_6500;SEASHELLS;0;50
167700;;;VELVETFRUIT_EXTRACT;SEASHELLS;5262;50
167700;;;VEV_4000;SEASHELLS;1270;50
167700;;;VEV_4500;SEASHELLS;767;50
167700;;;VEV_5000;SEASHELLS;266;50
167700;;;VEV_5100;SEASHELLS;176;50
167700;;;VEV_5200;SEASHELLS;102;50
167700;;;VEV_5300;SEASHELLS;50;50
167700;;;VEV_5400;SEASHELLS;18;50
167700;;;VEV_5500;SEASHELLS;8;50
167700;;;VEV_6000;SEASHELLS;1;50
167700;;;VEV_6500;SEASHELLS;1;50
170100;;;VELVETFRUIT_EXTRACT;SEASHELLS;5260;50
170100;;;VEV_4000;SEASHELLS;1252;50
170100;;;VEV_4500;SEASHELLS;754;50
170100;;;VEV_5000;SEASHELLS;262;50
170100;;;VEV_5100;SEASHELLS;173;50
170100;;;VEV_5200;SEASHELLS;102;50
170100;;;VEV_5300;SEASHELLS;49;50
170100;;;VEV_5400;SEASHELLS;17;50
170100;;;VEV_5500;SEASHELLS;7;50
170100;;;VEV_6000;SEASHELLS;0;50
170100;;;VEV_6500;SEASHELLS;0;50
170500;;;VELVETFRUIT_EXTRACT;SEASHELLS;5255;50
170500;;;VEV_4000;SEASHELLS;1247;50
170500;;;VEV_4500;SEASHELLS;749;50
170500;;;VEV_5000;SEASHELLS;258;50
170500;;;VEV_5100;SEASHELLS;169;50
170500;;;VEV_5200;SEASHELLS;99;50
170500;;;VEV_5300;SEASHELLS;47;50
170500;;;VEV_5400;SEASHELLS;16;50
170500;;;VEV_5500;SEASHELLS;7;50
170500;;;VEV_6000;SEASHELLS;0;50
170500;;;VEV_6500;SEASHELLS;0;50
171700;;;VELVETFRUIT_EXTRACT;SEASHELLS;5257;50
171700;;;VEV_4000;SEASHELLS;1265;50
171700;;;VEV_4500;SEASHELLS;762;50
171700;;;VEV_5000;SEASHELLS;262;50
171700;;;VEV_5100;SEASHELLS;171;50
171700;;;VEV_5200;SEASHELLS;99;50
171700;;;VEV_5300;SEASHELLS;48;50
171700;;;VEV_5400;SEASHELLS;18;50
171700;;;VEV_5500;SEASHELLS;8;50
171700;;;VEV_6000;SEASHELLS;1;50
171700;;;VEV_6500;SEASHELLS;1;50
172200;;;VELVETFRUIT_EXTRACT;SEASHELLS;5258;50
172200;;;VEV_4000;SEASHELLS;1266;50
172200;;;VEV_4500;SEASHELLS;763;50
172200;;;VEV_5000;SEASHELLS;262;50
172200;;;VEV_5100;SEASHELLS;172;50
172200;;;VEV_5200;SEASHELLS;100;50
172200;;;VEV_5300;SEASHELLS;48;50
172200;;;VEV_5400;SEASHELLS;18;50
172200;;;VEV_5500;SEASHELLS;8;50
172200;;;VEV_6000;SEASHELLS;1;50
172200;;;VEV_6500;SEASHELLS;1;50
172700;;;VELVETFRUIT_EXTRACT;SEASHELLS;5255;50
172700;;;VEV_4000;SEASHELLS;1247;50
172700;;;VEV_4500;SEASHELLS;749;50
172700;;;VEV_5000;SEASHELLS;258;50
172700;;;VEV_5100;SEASHELLS;169;50
172700;;;VEV_5200;SEASHELLS;98;50
172700;;;VEV_5300;SEASHELLS;47;50
172700;;;VEV_5400;SEASHELLS;17;50
172700;;;VEV_5500;SEASHELLS;7;50
172700;;;VEV_6000;SEASHELLS;0;50
172700;;;VEV_6500;SEASHELLS;0;50
175100;;;VELVETFRUIT_EXTRACT;SEASHELLS;5260;50
175100;;;VEV_4000;SEASHELLS;1268;50
175100;;;VEV_4500;SEASHELLS;765;50
175100;;;VEV_5000;SEASHELLS;265;50
175100;;;VEV_5100;SEASHELLS;174;50
175100;;;VEV_5200;SEASHELLS;102;50
175100;;;VEV_5300;SEASHELLS;49;50
175100;;;VEV_5400;SEASHELLS;18;50
175100;;;VEV_5500;SEASHELLS;8;50
175100;;;VEV_6000;SEASHELLS;1;50
175100;;;VEV_6500;SEASHELLS;1;50
177500;;;VELVETFRUIT_EXTRACT;SEASHELLS;5267;50
177500;;;VEV_4000;SEASHELLS;1259;50
177500;;;VEV_4500;SEASHELLS;761;50
177500;;;VEV_5000;SEASHELLS;269;50
177500;;;VEV_5100;SEASHELLS;180;50
177500;;;VEV_5200;SEASHELLS;105;50
177500;;;VEV_5300;SEASHELLS;51;50
177500;;;VEV_5400;SEASHELLS;19;50
177500;;;VEV_5500;SEASHELLS;7;50
177500;;;VEV_6000;SEASHELLS;0;50
177500;;;VEV_6500;SEASHELLS;0;50
179100;;;VELVETFRUIT_EXTRACT;SEASHELLS;5263;50
179100;;;VEV_4000;SEASHELLS;1271;50
179100;;;VEV_4500;SEASHELLS;768;50
179100;;;VEV_5000;SEASHELLS;267;50
179100;;;VEV_5100;SEASHELLS;177;50
179100;;;VEV_5200;SEASHELLS;103;50
179100;;;VEV_5300;SEASHELLS;51;50
179100;;;VEV_5400;SEASHELLS;18;50
179100;;;VEV_5500;SEASHELLS;8;50
179100;;;VEV_6000;SEASHELLS;1;50
179100;;;VEV_6500;SEASHELLS;1;50
185500;;;VELVETFRUIT_EXTRACT;SEASHELLS;5268;50
185500;;;VEV_4000;SEASHELLS;1276;50
185500;;;VEV_4500;SEASHELLS;773;50
185500;;;VEV_5000;SEASHELLS;272;50
185500;;;VEV_5100;SEASHELLS;181;50
185500;;;VEV_5200;SEASHELLS;105;50
185500;;;VEV_5300;SEASHELLS;53;50
185500;;;VEV_5400;SEASHELLS;19;50
185500;;;VEV_5500;SEASHELLS;8;50
185500;;;VEV_6000;SEASHELLS;1;50
185500;;;VEV_6500;SEASHELLS;1;50
186900;;;VELVETFRUIT_EXTRACT;SEASHELLS;5266;50
186900;;;VEV_4000;SEASHELLS;1259;50
186900;;;VEV_4500;SEASHELLS;761;50
186900;;;VEV_5000;SEASHELLS;269;50
186900;;;VEV_5100;SEASHELLS;180;50
186900;;;VEV_5200;SEASHELLS;105;50
186900;;;VEV_5300;SEASHELLS;52;50
186900;;;VEV_5400;SEASHELLS;19;50
186900;;;VEV_5500;SEASHELLS;7;50
186900;;;VEV_6000;SEASHELLS;0;50
186900;;;VEV_6500;SEASHELLS;0;50
187100;;;VELVETFRUIT_EXTRACT;SEASHELLS;5269;50
187100;;;VEV_4000;SEASHELLS;1277;50
187100;;;VEV_4500;SEASHELLS;774;50
187100;;;VEV_5000;SEASHELLS;273;50
187100;;;VEV_5100;SEASHELLS;183;50
187100;;;VEV_5200;SEASHELLS;107;50
187100;;;VEV_5300;SEASHELLS;54;50
187100;;;VEV_5400;SEASHELLS;20;50
187100;;;VEV_5500;SEASHELLS;8;50
187100;;;VEV_6000;SEASHELLS;1;50
187100;;;VEV_6500;SEASHELLS;1;50
189200;;;VELVETFRUIT_EXTRACT;SEASHELLS;5267;50
189200;;;VEV_4000;SEASHELLS;1258;50
189200;;;VEV_4500;SEASHELLS;760;50
189200;;;VEV_5000;SEASHELLS;270;50
189200;;;VEV_5100;SEASHELLS;180;50
189200;;;VEV_5200;SEASHELLS;105;50
189200;;;VEV_5300;SEASHELLS;52;50
189200;;;VEV_5400;SEASHELLS;18;50
189200;;;VEV_5500;SEASHELLS;7;50
189200;;;VEV_6000;SEASHELLS;0;50
189200;;;VEV_6500;SEASHELLS;0;50
194900;;;VELVETFRUIT_EXTRACT;SEASHELLS;5276;50
194900;;;VEV_4000;SEASHELLS;1284;50
194900;;;VEV_4500;SEASHELLS;781;50
194900;;;VEV_5000;SEASHELLS;278;50
194900;;;VEV_5100;SEASHELLS;187;50
194900;;;VEV_5200;SEASHELLS;109;50
194900;;;VEV_5300;SEASHELLS;56;50
194900;;;VEV_5400;SEASHELLS;20;50
194900;;;VEV_5500;SEASHELLS;8;50
194900;;;VEV_6000;SEASHELLS;1;50
194900;;;VEV_6500;SEASHELLS;1;50
197000;;;VELVETFRUIT_EXTRACT;SEASHELLS;5261;50
197000;;;VEV_4000;SEASHELLS;1253;50
197000;;;VEV_4500;SEASHELLS;755;50
197000;;;VEV_5000;SEASHELLS;264;50
197000;;;VEV_5100;SEASHELLS;176;50
197000;;;VEV_5200;SEASHELLS;100;50
197000;;;VEV_5300;SEASHELLS;52;50
197000;;;VEV_5400;SEASHELLS;17;50
197000;;;VEV_5500;SEASHELLS;7;50
197000;;;VEV_6000;SEASHELLS;0;50
197000;;;VEV_6500;SEASHELLS;0;50
198600;;;VELVETFRUIT_EXTRACT;SEASHELLS;5263;50
198600;;;VEV_4000;SEASHELLS;1255;50
198600;;;VEV_4500;SEASHELLS;757;50
198600;;;VEV_5000;SEASHELLS;266;50
198600;;;VEV_5100;SEASHELLS;177;50
198600;;;VEV_5200;SEASHELLS;102;50
198600;;;VEV_5300;SEASHELLS;52;50
198600;;;VEV_5400;SEASHELLS;17;50
198600;;;VEV_5500;SEASHELLS;7;50
198600;;;VEV_6000;SEASHELLS;0;50
198600;;;VEV_6500;SEASHELLS;0;50
198900;;;VELVETFRUIT_EXTRACT;SEASHELLS;5260;50
198900;;;VEV_4000;SEASHELLS;1252;50
198900;;;VEV_4500;SEASHELLS;754;50
198900;;;VEV_5000;SEASHELLS;263;50
198900;;;VEV_5100;SEASHELLS;175;50
198900;;;VEV_5200;SEASHELLS;100;50
198900;;;VEV_5300;SEASHELLS;51;50
198900;;;VEV_5400;SEASHELLS;17;50
198900;;;VEV_5500;SEASHELLS;7;50
198900;;;VEV_6000;SEASHELLS;0;50
198900;;;VEV_6500;SEASHELLS;0;50
199200;;;VELVETFRUIT_EXTRACT;SEASHELLS;5255;50
199200;;;VEV_4000;SEASHELLS;1247;50
199200;;;VEV_4500;SEASHELLS;749;50
199200;;;VEV_5000;SEASHELLS;258;50
199200;;;VEV_5100;SEASHELLS;171;50
199200;;;VEV_5200;SEASHELLS;97;50
199200;;;VEV_5300;SEASHELLS;50;50
199200;;;VEV_5400;SEASHELLS;16;50
199200;;;VEV_5500;SEASHELLS;7;50
199200;;;VEV_6000;SEASHELLS;0;50
199200;;;VEV_6500;SEASHELLS;0;50
202300;;;VELVETFRUIT_EXTRACT;SEASHELLS;5254;50
202300;;;VEV_4000;SEASHELLS;1246;50
202300;;;VEV_4500;SEASHELLS;748;50
202300;;;VEV_5000;SEASHELLS;257;50
202300;;;VEV_5100;SEASHELLS;170;50
202300;;;VEV_5200;SEASHELLS;98;50
202300;;;VEV_5300;SEASHELLS;49;50
202300;;;VEV_5400;SEASHELLS;17;50
202300;;;VEV_5500;SEASHELLS;7;50
202300;;;VEV_6000;SEASHELLS;0;50
202300;;;VEV_6500;SEASHELLS;0;50
204100;;;VELVETFRUIT_EXTRACT;SEASHELLS;5260;50
204100;;;VEV_4000;SEASHELLS;1268;50
204100;;;VEV_4500;SEASHELLS;765;50
204100;;;VEV_5000;SEASHELLS;264;50
204100;;;VEV_5100;SEASHELLS;175;50
204100;;;VEV_5200;SEASHELLS;101;50
204100;;;VEV_5300;SEASHELLS;51;50
204100;;;VEV_5400;SEASHELLS;18;50
204100;;;VEV_5500;SEASHELLS;8;50
204100;;;VEV_6000;SEASHELLS;1;50
204100;;;VEV_6500;SEASHELLS;1;50
207300;;;VELVETFRUIT_EXTRACT;SEASHELLS;5267;50
207300;;;VEV_4000;SEASHELLS;1258;50
207300;;;VEV_4500;SEASHELLS;761;50
207300;;;VEV_5000;SEASHELLS;269;50
207300;;;VEV_5100;SEASHELLS;179;50
207300;;;VEV_5200;SEASHELLS;104;50
207300;;;VEV_5300;SEASHELLS;52;50
207300;;;VEV_5400;SEASHELLS;18;50
207300;;;VEV_5500;SEASHELLS;8;50
207300;;;VEV_6000;SEASHELLS;0;50
207300;;;VEV_6500;SEASHELLS;0;50
209600;;;VELVETFRUIT_EXTRACT;SEASHELLS;5270;50
209600;;;VEV_4000;SEASHELLS;1278;50
209600;;;VEV_4500;SEASHELLS;775;50
209600;;;VEV_5000;SEASHELLS;273;50
209600;;;VEV_5100;SEASHELLS;182;50
209600;;;VEV_5200;SEASHELLS;106;50
209600;;;VEV_5300;SEASHELLS;54;50
209600;;;VEV_5400;SEASHELLS;19;50
209600;;;VEV_5500;SEASHELLS;8;50
209600;;;VEV_6000;SEASHELLS;1;50
209600;;;VEV_6500;SEASHELLS;1;50
210600;;;VELVETFRUIT_EXTRACT;SEASHELLS;5267;50
210600;;;VEV_4000;SEASHELLS;1275;50
210600;;;VEV_4500;SEASHELLS;772;50
210600;;;VEV_5000;SEASHELLS;271;50
210600;;;VEV_5100;SEASHELLS;180;50
210600;;;VEV_5200;SEASHELLS;105;50
210600;;;VEV_5300;SEASHELLS;53;50
210600;;;VEV_5400;SEASHELLS;19;50
210600;;;VEV_5500;SEASHELLS;8;50
210600;;;VEV_6000;SEASHELLS;1;50
210600;;;VEV_6500;SEASHELLS;1;50
213500;;;VELVETFRUIT_EXTRACT;SEASHELLS;5269;50
213500;;;VEV_4000;SEASHELLS;1277;50
213500;;;VEV_4500;SEASHELLS;775;50
213500;;;VEV_5000;SEASHELLS;273;50
213500;;;VEV_5100;SEASHELLS;182;50
213500;;;VEV_5200;SEASHELLS;106;50
213500;;;VEV_5300;SEASHELLS;54;50
213500;;;VEV_5400;SEASHELLS;19;50
213500;;;VEV_5500;SEASHELLS;8;50
213500;;;VEV_6000;SEASHELLS;1;50
213500;;;VEV_6500;SEASHELLS;1;50
215600;;;VELVETFRUIT_EXTRACT;SEASHELLS;5267;50
215600;;;VEV_4000;SEASHELLS;1259;50
215600;;;VEV_4500;SEASHELLS;762;50
215600;;;VEV_5000;SEASHELLS;269;50
215600;;;VEV_5100;SEASHELLS;179;50
215600;;;VEV_5200;SEASHELLS;106;50
215600;;;VEV_5300;SEASHELLS;52;50
215600;;;VEV_5400;SEASHELLS;18;50
215600;;;VEV_5500;SEASHELLS;6;50
215600;;;VEV_6000;SEASHELLS;0;50
215600;;;VEV_6500;SEASHELLS;0;50
219500;;;VELVETFRUIT_EXTRACT;SEASHELLS;5254;50
219500;;;VEV_4000;SEASHELLS;1246;50
219500;;;VEV_4500;SEASHELLS;748;50
219500;;;VEV_5000;SEASHELLS;257;50
219500;;;VEV_5100;SEASHELLS;168;50
219500;;;VEV_5200;SEASHELLS;97;50
219500;;;VEV_5300;SEASHELLS;48;50
219500;;;VEV_5400;SEASHELLS;16;50
219500;;;VEV_5500;SEASHELLS;6;50
219500;;;VEV_6000;SEASHELLS;0;50
219500;;;VEV_6500;SEASHELLS;0;50
220800;;;VELVETFRUIT_EXTRACT;SEASHELLS;5257;50
220800;;;VEV_4000;SEASHELLS;1249;50
220800;;;VEV_4500;SEASHELLS;751;50
220800;;;VEV_5000;SEASHELLS;260;50
220800;;;VEV_5100;SEASHELLS;170;50
220800;;;VEV_5200;SEASHELLS;99;50
220800;;;VEV_5300;SEASHELLS;49;50
220800;;;VEV_5400;SEASHELLS;16;50
220800;;;VEV_5500;SEASHELLS;6;50
220800;;;VEV_6000;SEASHELLS;0;50
220800;;;VEV_6500;SEASHELLS;0;50
224900;;;VELVETFRUIT_EXTRACT;SEASHELLS;5263;50
224900;;;VEV_4000;SEASHELLS;1271;50
224900;;;VEV_4500;SEASHELLS;768;50
224900;;;VEV_5000;SEASHELLS;268;50
224900;;;VEV_5100;SEASHELLS;175;50
224900;;;VEV_5200;SEASHELLS;101;50
224900;;;VEV_5300;SEASHELLS;52;50
224900;;;VEV_5400;SEASHELLS;18;50
224900;;;VEV_5500;SEASHELLS;8;50
224900;;;VEV_6000;SEASHELLS;1;50
224900;;;VEV_6500;SEASHELLS;1;50
227700;;;VELVETFRUIT_EXTRACT;SEASHELLS;5260;50
227700;;;VEV_4000;SEASHELLS;1252;50
227700;;;VEV_4500;SEASHELLS;754;50
227700;;;VEV_5000;SEASHELLS;262;50
227700;;;VEV_5100;SEASHELLS;173;50
227700;;;VEV_5200;SEASHELLS;100;50
227700;;;VEV_5300;SEASHELLS;49;50
227700;;;VEV_5400;SEASHELLS;17;50
227700;;;VEV_5500;SEASHELLS;7;50
227700;;;VEV_6000;SEASHELLS;0;50
227700;;;VEV_6500;SEASHELLS;0;50
229500;;;VELVETFRUIT_EXTRACT;SEASHELLS;5263;50
229500;;;VEV_4000;SEASHELLS;1271;50
229500;;;VEV_4500;SEASHELLS;768;50
229500;;;VEV_5000;SEASHELLS;268;50
229500;;;VEV_5100;SEASHELLS;178;50
229500;;;VEV_5200;SEASHELLS;103;50
229500;;;VEV_5300;SEASHELLS;51;50
229500;;;VEV_5400;SEASHELLS;18;50
229500;;;VEV_5500;SEASHELLS;8;50
229500;;;VEV_6000;SEASHELLS;1;50
229500;;;VEV_6500;SEASHELLS;1;50
232900;;;VELVETFRUIT_EXTRACT;SEASHELLS;5262;50
232900;;;VEV_4000;SEASHELLS;1255;50
232900;;;VEV_4500;SEASHELLS;757;50
232900;;;VEV_5000;SEASHELLS;264;50
232900;;;VEV_5100;SEASHELLS;176;50
232900;;;VEV_5200;SEASHELLS;101;50
232900;;;VEV_5300;SEASHELLS;51;50
232900;;;VEV_5400;SEASHELLS;17;50
232900;;;VEV_5500;SEASHELLS;7;50
232900;;;VEV_6000;SEASHELLS;0;50
232900;;;VEV_6500;SEASHELLS;0;50
235800;;;VELVETFRUIT_EXTRACT;SEASHELLS;5273;50
235800;;;VEV_4000;SEASHELLS;1281;50
235800;;;VEV_4500;SEASHELLS;778;50
235800;;;VEV_5000;SEASHELLS;276;50
235800;;;VEV_5100;SEASHELLS;186;50
235800;;;VEV_5200;SEASHELLS;108;50
235800;;;VEV_5300;SEASHELLS;55;50
235800;;;VEV_5400;SEASHELLS;19;50
235800;;;VEV_5500;SEASHELLS;8;50
235800;;;VEV_6000;SEASHELLS;1;50
235800;;;VEV_6500;SEASHELLS;1;50
238100;;;VELVETFRUIT_EXTRACT;SEASHELLS;5270;50
238100;;;VEV_4000;SEASHELLS;1261;50
238100;;;VEV_4500;SEASHELLS;764;50
238100;;;VEV_5000;SEASHELLS;271;50
238100;;;VEV_5100;SEASHELLS;181;50
238100;;;VEV_5200;SEASHELLS;106;50
238100;;;VEV_5300;SEASHELLS;54;50
238100;;;VEV_5400;SEASHELLS;18;50
238100;;;VEV_5500;SEASHELLS;7;50
238100;;;VEV_6000;SEASHELLS;0;50
238100;;;VEV_6500;SEASHELLS;0;50
239700;;;VELVETFRUIT_EXTRACT;SEASHELLS;5271;50
239700;;;VEV_4000;SEASHELLS;1279;50
239700;;;VEV_4500;SEASHELLS;776;50
239700;;;VEV_5000;SEASHELLS;274;50
239700;;;VEV_5100;SEASHELLS;182;50
239700;;;VEV_5200;SEASHELLS;106;50
239700;;;VEV_5300;SEASHELLS;54;50
239700;;;VEV_5400;SEASHELLS;19;50
239700;;;VEV_5500;SEASHELLS;8;50
239700;;;VEV_6000;SEASHELLS;1;50
239700;;;VEV_6500;SEASHELLS;1;50
240500;;;VELVETFRUIT_EXTRACT;SEASHELLS;5270;50
240500;;;VEV_4000;SEASHELLS;1261;50
240500;;;VEV_4500;SEASHELLS;764;50
240500;;;VEV_5000;SEASHELLS;271;50
240500;;;VEV_5100;SEASHELLS;181;50
240500;;;VEV_5200;SEASHELLS;105;50
240500;;;VEV_5300;SEASHELLS;53;50
240500;;;VEV_5400;SEASHELLS;18;50
240500;;;VEV_5500;SEASHELLS;7;50
240500;;;VEV_6000;SEASHELLS;0;50
240500;;;VEV_6500;SEASHELLS;0;50
241400;;;VELVETFRUIT_EXTRACT;SEASHELLS;5268;50
241400;;;VEV_4000;SEASHELLS;1260;50
241400;;;VEV_4500;SEASHELLS;762;50
241400;;;VEV_5000;SEASHELLS;269;50
241400;;;VEV_5100;SEASHELLS;179;50
241400;;;VEV_5200;SEASHELLS;104;50
241400;;;VEV_5300;SEASHELLS;53;50
241400;;;VEV_5400;SEASHELLS;18;50
241400;;;VEV_5500;SEASHELLS;7;50
241400;;;VEV_6000;SEASHELLS;0;50
241400;;;VEV_6500;SEASHELLS;0;50
243900;;;VELVETFRUIT_EXTRACT;SEASHELLS;5261;50
243900;;;VEV_4000;SEASHELLS;1253;50
243900;;;VEV_4500;SEASHELLS;755;50
243900;;;VEV_5000;SEASHELLS;264;50
243900;;;VEV_5100;SEASHELLS;173;50
243900;;;VEV_5200;SEASHELLS;99;50
243900;;;VEV_5300;SEASHELLS;51;50
243900;;;VEV_5400;SEASHELLS;17;50
243900;;;VEV_5500;SEASHELLS;7;50
243900;;;VEV_6000;SEASHELLS;0;50
243900;;;VEV_6500;SEASHELLS;0;50
248300;;;VELVETFRUIT_EXTRACT;SEASHELLS;5265;50
248300;;;VEV_4000;SEASHELLS;1273;50
248300;;;VEV_4500;SEASHELLS;770;50
248300;;;VEV_5000;SEASHELLS;270;50
248300;;;VEV_5100;SEASHELLS;177;50
248300;;;VEV_5200;SEASHELLS;103;50
248300;;;VEV_5300;SEASHELLS;51;50
248300;;;VEV_5400;SEASHELLS;18;50
248300;;;VEV_5500;SEASHELLS;8;50
248300;;;VEV_6000;SEASHELLS;1;50
248300;;;VEV_6500;SEASHELLS;1;50
251100;;;VELVETFRUIT_EXTRACT;SEASHELLS;5264;50
251100;;;VEV_4000;SEASHELLS;1256;50
251100;;;VEV_4500;SEASHELLS;758;50
251100;;;VEV_5000;SEASHELLS;266;50
251100;;;VEV_5100;SEASHELLS;176;50
251100;;;VEV_5200;SEASHELLS;102;50
251100;;;VEV_5300;SEASHELLS;51;50
251100;;;VEV_5400;SEASHELLS;17;50
251100;;;VEV_5500;SEASHELLS;8;50
251100;;;VEV_6000;SEASHELLS;0;50
251100;;;VEV_6500;SEASHELLS;0;50
252800;;;VELVETFRUIT_EXTRACT;SEASHELLS;5271;50
252800;;;VEV_4000;SEASHELLS;1279;50
252800;;;VEV_4500;SEASHELLS;776;50
252800;;;VEV_5000;SEASHELLS;276;50
252800;;;VEV_5100;SEASHELLS;181;50
252800;;;VEV_5200;SEASHELLS;107;50
252800;;;VEV_5300;SEASHELLS;54;50
252800;;;VEV_5400;SEASHELLS;19;50
252800;;;VEV_5500;SEASHELLS;9;50
252800;;;VEV_6000;SEASHELLS;1;50
252800;;;VEV_6500;SEASHELLS;1;50
253700;;;VELVETFRUIT_EXTRACT;SEASHELLS;5272;50
253700;;;VEV_4000;SEASHELLS;1280;50
253700;;;VEV_4500;SEASHELLS;777;50
253700;;;VEV_5000;SEASHELLS;277;50
253700;;;VEV_5100;SEASHELLS;184;50
253700;;;VEV_5200;SEASHELLS;108;50
253700;;;VEV_5300;SEASHELLS;55;50
253700;;;VEV_5400;SEASHELLS;19;50
253700;;;VEV_5500;SEASHELLS;9;50
253700;;;VEV_6000;SEASHELLS;1;50
253700;;;VEV_6500;SEASHELLS;1;50
260700;;;VELVETFRUIT_EXTRACT;SEASHELLS;5266;50
260700;;;VEV_4000;SEASHELLS;1274;50
260700;;;VEV_4500;SEASHELLS;772;50
260700;;;VEV_5000;SEASHELLS;269;50
260700;;;VEV_5100;SEASHELLS;180;50
260700;;;VEV_5200;SEASHELLS;105;50
260700;;;VEV_5300;SEASHELLS;51;50
260700;;;VEV_5400;SEASHELLS;18;50
260700;;;VEV_5500;SEASHELLS;8;50
260700;;;VEV_6000;SEASHELLS;1;50
260700;;;VEV_6500;SEASHELLS;1;50
261900;;;VELVETFRUIT_EXTRACT;SEASHELLS;5266;50
261900;;;VEV_4000;SEASHELLS;1273;50
261900;;;VEV_4500;SEASHELLS;772;50
261900;;;VEV_5000;SEASHELLS;269;50
261900;;;VEV_5100;SEASHELLS;179;50
261900;;;VEV_5200;SEASHELLS;105;50
261900;;;VEV_5300;SEASHELLS;51;50
261900;;;VEV_5400;SEASHELLS;18;50
261900;;;VEV_5500;SEASHELLS;8;50
261900;;;VEV_6000;SEASHELLS;1;50
261900;;;VEV_6500;SEASHELLS;1;50
262200;;;VELVETFRUIT_EXTRACT;SEASHELLS;5263;50
262200;;;VEV_4000;SEASHELLS;1255;50
262200;;;VEV_4500;SEASHELLS;757;50
262200;;;VEV_5000;SEASHELLS;266;50
262200;;;VEV_5100;SEASHELLS;177;50
262200;;;VEV_5200;SEASHELLS;103;50
262200;;;VEV_5300;SEASHELLS;50;50
262200;;;VEV_5400;SEASHELLS;17;50
262200;;;VEV_5500;SEASHELLS;8;50
262200;;;VEV_6000;SEASHELLS;0;50
262200;;;VEV_6500;SEASHELLS;0;50
264100;;;VELVETFRUIT_EXTRACT;SEASHELLS;5263;50
264100;;;VEV_4000;SEASHELLS;1271;50
264100;;;VEV_4500;SEASHELLS;768;50
264100;;;VEV_5000;SEASHELLS;267;50
264100;;;VEV_5100;SEASHELLS;178;50
264100;;;VEV_5200;SEASHELLS;103;50
264100;;;VEV_5300;SEASHELLS;51;50
264100;;;VEV_5400;SEASHELLS;18;50
264100;;;VEV_5500;SEASHELLS;8;50
264100;;;VEV_6000;SEASHELLS;1;50
264100;;;VEV_6500;SEASHELLS;1;50
264700;;;VELVETFRUIT_EXTRACT;SEASHELLS;5264;50
264700;;;VEV_4000;SEASHELLS;1255;50
264700;;;VEV_4500;SEASHELLS;758;50
264700;;;VEV_5000;SEASHELLS;266;50
264700;;;VEV_5100;SEASHELLS;177;50
264700;;;VEV_5200;SEASHELLS;103;50
264700;;;VEV_5300;SEASHELLS;51;50
264700;;;VEV_5400;SEASHELLS;18;50
264700;;;VEV_5500;SEASHELLS;8;50
264700;;;VEV_6000;SEASHELLS;0;50
264700;;;VEV_6500;SEASHELLS;0;50
264900;;;VELVETFRUIT_EXTRACT;SEASHELLS;5261;50
264900;;;VEV_4000;SEASHELLS;1253;50
264900;;;VEV_4500;SEASHELLS;755;50
264900;;;VEV_5000;SEASHELLS;264;50
264900;;;VEV_5100;SEASHELLS;176;50
264900;;;VEV_5200;SEASHELLS;101;50
264900;;;VEV_5300;SEASHELLS;50;50
264900;;;VEV_5400;SEASHELLS;17;50
264900;;;VEV_5500;SEASHELLS;6;50
264900;;;VEV_6000;SEASHELLS;0;50
264900;;;VEV_6500;SEASHELLS;0;50
266300;;;VELVETFRUIT_EXTRACT;SEASHELLS;5265;50
266300;;;VEV_4000;SEASHELLS;1273;50
266300;;;VEV_4500;SEASHELLS;770;50
266300;;;VEV_5000;SEASHELLS;269;50
266300;;;VEV_5100;SEASHELLS;179;50
266300;;;VEV_5200;SEASHELLS;104;50
266300;;;VEV_5300;SEASHELLS;52;50
266300;;;VEV_5400;SEASHELLS;18;50
266300;;;VEV_5500;SEASHELLS;8;50
266300;;;VEV_6000;SEASHELLS;1;50
266300;;;VEV_6500;SEASHELLS;1;50
267700;;;VELVETFRUIT_EXTRACT;SEASHELLS;5268;50
267700;;;VEV_4000;SEASHELLS;1260;50
267700;;;VEV_4500;SEASHELLS;762;50
267700;;;VEV_5000;SEASHELLS;269;50
267700;;;VEV_5100;SEASHELLS;181;50
267700;;;VEV_5200;SEASHELLS;105;50
267700;;;VEV_5300;SEASHELLS;53;50
267700;;;VEV_5400;SEASHELLS;19;50
267700;;;VEV_5500;SEASHELLS;7;50
267700;;;VEV_6000;SEASHELLS;0;50
267700;;;VEV_6500;SEASHELLS;0;50
269200;;;VELVETFRUIT_EXTRACT;SEASHELLS;5272;50
269200;;;VEV_4000;SEASHELLS;1280;50
269200;;;VEV_4500;SEASHELLS;777;50
269200;;;VEV_5000;SEASHELLS;274;50
269200;;;VEV_5100;SEASHELLS;183;50
269200;;;VEV_5200;SEASHELLS;108;50
269200;;;VEV_5300;SEASHELLS;55;50
269200;;;VEV_5400;SEASHELLS;19;50
269200;;;VEV_5500;SEASHELLS;9;50
269200;;;VEV_6000;SEASHELLS;1;50
269200;;;VEV_6500;SEASHELLS;1;50
270600;;;VELVETFRUIT_EXTRACT;SEASHELLS;5270;50
270600;;;VEV_4000;SEASHELLS;1261;50
270600;;;VEV_4500;SEASHELLS;763;50
270600;;;VEV_5000;SEASHELLS;271;50
270600;;;VEV_5100;SEASHELLS;180;50
270600;;;VEV_5200;SEASHELLS;105;50
270600;;;VEV_5300;SEASHELLS;53;50
270600;;;VEV_5400;SEASHELLS;18;50
270600;;;VEV_5500;SEASHELLS;7;50
270600;;;VEV_6000;SEASHELLS;0;50
270600;;;VEV_6500;SEASHELLS;0;50
271700;;;VELVETFRUIT_EXTRACT;SEASHELLS;5266;50
271700;;;VEV_4000;SEASHELLS;1256;50
271700;;;VEV_4500;SEASHELLS;759;50
271700;;;VEV_5000;SEASHELLS;268;50
271700;;;VEV_5100;SEASHELLS;177;50
271700;;;VEV_5200;SEASHELLS;104;50
271700;;;VEV_5300;SEASHELLS;52;50
271700;;;VEV_5400;SEASHELLS;18;50
271700;;;VEV_5500;SEASHELLS;7;50
271700;;;VEV_6000;SEASHELLS;0;50
271700;;;VEV_6500;SEASHELLS;0;50
275000;;;VELVETFRUIT_EXTRACT;SEASHELLS;5272;50
275000;;;VEV_4000;SEASHELLS;1280;50
275000;;;VEV_4500;SEASHELLS;777;50
275000;;;VEV_5000;SEASHELLS;275;50
275000;;;VEV_5100;SEASHELLS;182;50
275000;;;VEV_5200;SEASHELLS;107;50
275000;;;VEV_5300;SEASHELLS;54;50
275000;;;VEV_5400;SEASHELLS;19;50
275000;;;VEV_5500;SEASHELLS;9;50
275000;;;VEV_6000;SEASHELLS;1;50
275000;;;VEV_6500;SEASHELLS;1;50
275700;;;VELVETFRUIT_EXTRACT;SEASHELLS;5268;50
275700;;;VEV_4000;SEASHELLS;1260;50
275700;;;VEV_4500;SEASHELLS;764;50
275700;;;VEV_5000;SEASHELLS;271;50
275700;;;VEV_5100;SEASHELLS;179;50
275700;;;VEV_5200;SEASHELLS;106;50
275700;;;VEV_5300;SEASHELLS;52;50
275700;;;VEV_5400;SEASHELLS;18;50
275700;;;VEV_5500;SEASHELLS;8;50
275700;;;VEV_6000;SEASHELLS;0;50
275700;;;VEV_6500;SEASHELLS;0;50
278700;;;VELVETFRUIT_EXTRACT;SEASHELLS;5267;50
278700;;;VEV_4000;SEASHELLS;1260;50
278700;;;VEV_4500;SEASHELLS;762;50
278700;;;VEV_5000;SEASHELLS;270;50
278700;;;VEV_5100;SEASHELLS;180;50
278700;;;VEV_5200;SEASHELLS;105;50
278700;;;VEV_5300;SEASHELLS;52;50
278700;;;VEV_5400;SEASHELLS;18;50
278700;;;VEV_5500;SEASHELLS;8;50
278700;;;VEV_6000;SEASHELLS;0;50
278700;;;VEV_6500;SEASHELLS;0;50
279800;;;VELVETFRUIT_EXTRACT;SEASHELLS;5262;50
279800;;;VEV_4000;SEASHELLS;1270;50
279800;;;VEV_4500;SEASHELLS;767;50
279800;;;VEV_5000;SEASHELLS;267;50
279800;;;VEV_5100;SEASHELLS;176;50
279800;;;VEV_5200;SEASHELLS;100;50
279800;;;VEV_5300;SEASHELLS;51;50
279800;;;VEV_5400;SEASHELLS;18;50
279800;;;VEV_5500;SEASHELLS;8;50
279800;;;VEV_6000;SEASHELLS;1;50
279800;;;VEV_6500;SEASHELLS;1;50
280800;;;VELVETFRUIT_EXTRACT;SEASHELLS;5270;50
280800;;;VEV_4000;SEASHELLS;1278;50
280800;;;VEV_4500;SEASHELLS;775;50
280800;;;VEV_5000;SEASHELLS;274;50
280800;;;VEV_5100;SEASHELLS;182;50
280800;;;VEV_5200;SEASHELLS;105;50
280800;;;VEV_5300;SEASHELLS;54;50
280800;;;VEV_5400;SEASHELLS;19;50
280800;;;VEV_5500;SEASHELLS;9;50
280800;;;VEV_6000;SEASHELLS;1;50
280800;;;VEV_6500;SEASHELLS;1;50
281300;;;VELVETFRUIT_EXTRACT;SEASHELLS;5272;50
281300;;;VEV_4000;SEASHELLS;1280;50
281300;;;VEV_4500;SEASHELLS;777;50
281300;;;VEV_5000;SEASHELLS;275;50
281300;;;VEV_5100;SEASHELLS;183;50
281300;;;VEV_5200;SEASHELLS;106;50
281300;;;VEV_5300;SEASHELLS;55;50
281300;;;VEV_5400;SEASHELLS;19;50
281300;;;VEV_5500;SEASHELLS;9;50
281300;;;VEV_6000;SEASHELLS;1;50
281300;;;VEV_6500;SEASHELLS;1;50
281600;;;VELVETFRUIT_EXTRACT;SEASHELLS;5276;50
281600;;;VEV_4000;SEASHELLS;1284;50
281600;;;VEV_4500;SEASHELLS;781;50
281600;;;VEV_5000;SEASHELLS;279;50
281600;;;VEV_5100;SEASHELLS;187;50
281600;;;VEV_5200;SEASHELLS;109;50
281600;;;VEV_5300;SEASHELLS;56;50
281600;;;VEV_5400;SEASHELLS;19;50
281600;;;VEV_5500;SEASHELLS;9;50
281600;;;VEV_6000;SEASHELLS;1;50
281600;;;VEV_6500;SEASHELLS;1;50
283200;;;VELVETFRUIT_EXTRACT;SEASHELLS;5278;50
283200;;;VEV_4000;SEASHELLS;1269;50
283200;;;VEV_4500;SEASHELLS;771;50
283200;;;VEV_5000;SEASHELLS;278;50
283200;;;VEV_5100;SEASHELLS;187;50
283200;;;VEV_5200;SEASHELLS;111;50
283200;;;VEV_5300;SEASHELLS;56;50
283200;;;VEV_5400;SEASHELLS;18;50
283200;;;VEV_5500;SEASHELLS;8;50
283200;;;VEV_6000;SEASHELLS;0;50
283200;;;VEV_6500;SEASHELLS;0;50
283400;;;VELVETFRUIT_EXTRACT;SEASHELLS;5275;50
283400;;;VEV_4000;SEASHELLS;1266;50
283400;;;VEV_4500;SEASHELLS;768;50
283400;;;VEV_5000;SEASHELLS;275;50
283400;;;VEV_5100;SEASHELLS;184;50
283400;;;VEV_5200;SEASHELLS;109;50
283400;;;VEV_5300;SEASHELLS;55;50
283400;;;VEV_5400;SEASHELLS;17;50
283400;;;VEV_5500;SEASHELLS;8;50
283400;;;VEV_6000;SEASHELLS;0;50
283400;;;VEV_6500;SEASHELLS;0;50
283700;;;VELVETFRUIT_EXTRACT;SEASHELLS;5273;50
283700;;;VEV_4000;SEASHELLS;1264;50
283700;;;VEV_4500;SEASHELLS;766;50
283700;;;VEV_5000;SEASHELLS;274;50
283700;;;VEV_5100;SEASHELLS;183;50
283700;;;VEV_5200;SEASHELLS;108;50
283700;;;VEV_5300;SEASHELLS;54;50
283700;;;VEV_5400;SEASHELLS;17;50
283700;;;VEV_5500;SEASHELLS;8;50
283700;;;VEV_6000;SEASHELLS;0;50
283700;;;VEV_6500;SEASHELLS;0;50
285600;;;VELVETFRUIT_EXTRACT;SEASHELLS;5268;50
285600;;;VEV_4000;SEASHELLS;1276;50
285600;;;VEV_4500;SEASHELLS;773;50
285600;;;VEV_5000;SEASHELLS;271;50
285600;;;VEV_5100;SEASHELLS;180;50
285600;;;VEV_5200;SEASHELLS;107;50
285600;;;VEV_5300;SEASHELLS;53;50
285600;;;VEV_5400;SEASHELLS;18;50
285600;;;VEV_5500;SEASHELLS;9;50
285600;;;VEV_6000;SEASHELLS;1;50
285600;;;VEV_6500;SEASHELLS;1;50
287800;;;VELVETFRUIT_EXTRACT;SEASHELLS;5267;50
287800;;;VEV_4000;SEASHELLS;1275;50
287800;;;VEV_4500;SEASHELLS;772;50
287800;;;VEV_5000;SEASHELLS;271;50
287800;;;VEV_5100;SEASHELLS;178;50
287800;;;VEV_5200;SEASHELLS;106;50
287800;;;VEV_5300;SEASHELLS;53;50
287800;;;VEV_5400;SEASHELLS;18;50
287800;;;VEV_5500;SEASHELLS;8;50
287800;;;VEV_6000;SEASHELLS;1;50
287800;;;VEV_6500;SEASHELLS;1;50
288600;;;VELVETFRUIT_EXTRACT;SEASHELLS;5277;50
288600;;;VEV_4000;SEASHELLS;1285;50
288600;;;VEV_4500;SEASHELLS;783;50
288600;;;VEV_5000;SEASHELLS;279;50
288600;;;VEV_5100;SEASHELLS;187;50
288600;;;VEV_5200;SEASHELLS;112;50
288600;;;VEV_5300;SEASHELLS;56;50
288600;;;VEV_5400;SEASHELLS;19;50
288600;;;VEV_5500;SEASHELLS;9;50
288600;;;VEV_6000;SEASHELLS;1;50
288600;;;VEV_6500;SEASHELLS;1;50
289300;;;VELVETFRUIT_EXTRACT;SEASHELLS;5274;50
289300;;;VEV_4000;SEASHELLS;1266;50
289300;;;VEV_4500;SEASHELLS;768;50
289300;;;VEV_5000;SEASHELLS;275;50
289300;;;VEV_5100;SEASHELLS;184;50
289300;;;VEV_5200;SEASHELLS;110;50
289300;;;VEV_5300;SEASHELLS;55;50
289300;;;VEV_5400;SEASHELLS;17;50
289300;;;VEV_5500;SEASHELLS;7;50
289300;;;VEV_6000;SEASHELLS;0;50
289300;;;VEV_6500;SEASHELLS;0;50
292800;;;VELVETFRUIT_EXTRACT;SEASHELLS;5265;50
292800;;;VEV_4000;SEASHELLS;1257;50
292800;;;VEV_4500;SEASHELLS;759;50
292800;;;VEV_5000;SEASHELLS;267;50
292800;;;VEV_5100;SEASHELLS;176;50
292800;;;VEV_5200;SEASHELLS;105;50
292800;;;VEV_5300;SEASHELLS;52;50
292800;;;VEV_5400;SEASHELLS;16;50
292800;;;VEV_5500;SEASHELLS;7;50
292800;;;VEV_6000;SEASHELLS;0;50
292800;;;VEV_6500;SEASHELLS;0;50
295800;;;VELVETFRUIT_EXTRACT;SEASHELLS;5265;50
295800;;;VEV_4000;SEASHELLS;1262;50
295800;;;VEV_4500;SEASHELLS;759;50
295800;;;VEV_5000;SEASHELLS;268;50
295800;;;VEV_5100;SEASHELLS;177;50
295800;;;VEV_5200;SEASHELLS;106;50
295800;;;VEV_5300;SEASHELLS;52;50
295800;;;VEV_5400;SEASHELLS;17;50
295800;;;VEV_5500;SEASHELLS;7;50
295800;;;VEV_6000;SEASHELLS;0;50
295800;;;VEV_6500;SEASHELLS;0;50
297700;;;VELVETFRUIT_EXTRACT;SEASHELLS;5260;50
297700;;;VEV_4000;SEASHELLS;1252;50
297700;;;VEV_4500;SEASHELLS;754;50
297700;;;VEV_5000;SEASHELLS;263;50
297700;;;VEV_5100;SEASHELLS;174;50
297700;;;VEV_5200;SEASHELLS;103;50
297700;;;VEV_5300;SEASHELLS;50;50
297700;;;VEV_5400;SEASHELLS;17;50
297700;;;VEV_5500;SEASHELLS;7;50
297700;;;VEV_6000;SEASHELLS;0;50
297700;;;VEV_6500;SEASHELLS;0;50
299100;;;VELVETFRUIT_EXTRACT;SEASHELLS;5262;50
299100;;;VEV_4000;SEASHELLS;1254;50
299100;;;VEV_4500;SEASHELLS;756;50
299100;;;VEV_5000;SEASHELLS;265;50
299100;;;VEV_5100;SEASHELLS;174;50
299100;;;VEV_5200;SEASHELLS;103;50
299100;;;VEV_5300;SEASHELLS;50;50
299100;;;VEV_5400;SEASHELLS;17;50
299100;;;VEV_5500;SEASHELLS;8;50
299100;;;VEV_6000;SEASHELLS;0;50
299100;;;VEV_6500;SEASHELLS;0;50
301200;;;VELVETFRUIT_EXTRACT;SEASHELLS;5259;50
301200;;;VEV_4000;SEASHELLS;1252;50
301200;;;VEV_4500;SEASHELLS;754;50
301200;;;VEV_5000;SEASHELLS;263;50
301200;;;VEV_5100;SEASHELLS;174;50
301200;;;VEV_5200;SEASHELLS;102;50
301200;;;VEV_5300;SEASHELLS;50;50
301200;;;VEV_5400;SEASHELLS;16;50
301200;;;VEV_5500;SEASHELLS;7;50
301200;;;VEV_6000;SEASHELLS;0;50
301200;;;VEV_6500;SEASHELLS;0;50
305900;;;VELVETFRUIT_EXTRACT;SEASHELLS;5267;50
305900;;;VEV_4000;SEASHELLS;1275;50
305900;;;VEV_4500;SEASHELLS;772;50
305900;;;VEV_5000;SEASHELLS;272;50
305900;;;VEV_5100;SEASHELLS;180;50
305900;;;VEV_5200;SEASHELLS;106;50
305900;;;VEV_5300;SEASHELLS;53;50
305900;;;VEV_5400;SEASHELLS;19;50
305900;;;VEV_5500;SEASHELLS;8;50
305900;;;VEV_6000;SEASHELLS;1;50
305900;;;VEV_6500;SEASHELLS;1;50
306500;;;VELVETFRUIT_EXTRACT;SEASHELLS;5268;50
306500;;;VEV_4000;SEASHELLS;1277;50
306500;;;VEV_4500;SEASHELLS;774;50
306500;;;VEV_5000;SEASHELLS;272;50
306500;;;VEV_5100;SEASHELLS;182;50
306500;;;VEV_5200;SEASHELLS;106;50
306500;;;VEV_5300;SEASHELLS;53;50
306500;;;VEV_5400;SEASHELLS;19;50
306500;;;VEV_5500;SEASHELLS;8;50
306500;;;VEV_6000;SEASHELLS;1;50
306500;;;VEV_6500;SEASHELLS;1;50
306800;;;VELVETFRUIT_EXTRACT;SEASHELLS;5272;50
306800;;;VEV_4000;SEASHELLS;1279;50
306800;;;VEV_4500;SEASHELLS;777;50
306800;;;VEV_5000;SEASHELLS;275;50
306800;;;VEV_5100;SEASHELLS;184;50
306800;;;VEV_5200;SEASHELLS;108;50
306800;;;VEV_5300;SEASHELLS;54;50
306800;;;VEV_5400;SEASHELLS;19;50
306800;;;VEV_5500;SEASHELLS;8;50
306800;;;VEV_6000;SEASHELLS;1;50
306800;;;VEV_6500;SEASHELLS;1;50
307100;;;VELVETFRUIT_EXTRACT;SEASHELLS;5275;50
307100;;;VEV_4000;SEASHELLS;1282;50
307100;;;VEV_4500;SEASHELLS;780;50
307100;;;VEV_5000;SEASHELLS;278;50
307100;;;VEV_5100;SEASHELLS;187;50
307100;;;VEV_5200;SEASHELLS;110;50
307100;;;VEV_5300;SEASHELLS;55;50
307100;;;VEV_5400;SEASHELLS;20;50
307100;;;VEV_5500;SEASHELLS;9;50
307100;;;VEV_6000;SEASHELLS;1;50
307100;;;VEV_6500;SEASHELLS;1;50
309500;;;VELVETFRUIT_EXTRACT;SEASHELLS;5273;50
309500;;;VEV_4000;SEASHELLS;1281;50
309500;;;VEV_4500;SEASHELLS;778;50
309500;;;VEV_5000;SEASHELLS;276;50
309500;;;VEV_5100;SEASHELLS;184;50
309500;;;VEV_5200;SEASHELLS;109;50
309500;;;VEV_5300;SEASHELLS;54;50
309500;;;VEV_5400;SEASHELLS;19;50
309500;;;VEV_5500;SEASHELLS;9;50
309500;;;VEV_6000;SEASHELLS;1;50
309500;;;VEV_6500;SEASHELLS;1;50
310900;;;VELVETFRUIT_EXTRACT;SEASHELLS;5272;50
310900;;;VEV_4000;SEASHELLS;1263;50
310900;;;VEV_4500;SEASHELLS;766;50
310900;;;VEV_5000;SEASHELLS;272;50
310900;;;VEV_5100;SEASHELLS;181;50
310900;;;VEV_5200;SEASHELLS;107;50
310900;;;VEV_5300;SEASHELLS;54;50
310900;;;VEV_5400;SEASHELLS;19;50
310900;;;VEV_5500;SEASHELLS;8;50
310900;;;VEV_6000;SEASHELLS;0;50
310900;;;VEV_6500;SEASHELLS;0;50
311300;;;VELVETFRUIT_EXTRACT;SEASHELLS;5267;50
311300;;;VEV_4000;SEASHELLS;1258;50
311300;;;VEV_4500;SEASHELLS;761;50
311300;;;VEV_5000;SEASHELLS;269;50
311300;;;VEV_5100;SEASHELLS;178;50
311300;;;VEV_5200;SEASHELLS;104;50
311300;;;VEV_5300;SEASHELLS;52;50
311300;;;VEV_5400;SEASHELLS;19;50
311300;;;VEV_5500;SEASHELLS;8;50
311300;;;VEV_6000;SEASHELLS;0;50
311300;;;VEV_6500;SEASHELLS;0;50
313000;;;VELVETFRUIT_EXTRACT;SEASHELLS;5263;50
313000;;;VEV_4000;SEASHELLS;1271;50
313000;;;VEV_4500;SEASHELLS;768;50
313000;;;VEV_5000;SEASHELLS;268;50
313000;;;VEV_5100;SEASHELLS;175;50
313000;;;VEV_5200;SEASHELLS;102;50
313000;;;VEV_5300;SEASHELLS;51;50
313000;;;VEV_5400;SEASHELLS;18;50
313000;;;VEV_5500;SEASHELLS;8;50
313000;;;VEV_6000;SEASHELLS;1;50
313000;;;VEV_6500;SEASHELLS;1;50
315200;;;VELVETFRUIT_EXTRACT;SEASHELLS;5266;50
315200;;;VEV_4000;SEASHELLS;1274;50
315200;;;VEV_4500;SEASHELLS;771;50
315200;;;VEV_5000;SEASHELLS;270;50
315200;;;VEV_5100;SEASHELLS;177;50
315200;;;VEV_5200;SEASHELLS;103;50
315200;;;VEV_5300;SEASHELLS;52;50
315200;;;VEV_5400;SEASHELLS;19;50
315200;;;VEV_5500;SEASHELLS;9;50
315200;;;VEV_6000;SEASHELLS;1;50
315200;;;VEV_6500;SEASHELLS;1;50
316100;;;VELVETFRUIT_EXTRACT;SEASHELLS;5266;50
316100;;;VEV_4000;SEASHELLS;1258;50
316100;;;VEV_4500;SEASHELLS;760;50
316100;;;VEV_5000;SEASHELLS;268;50
316100;;;VEV_5100;SEASHELLS;178;50
316100;;;VEV_5200;SEASHELLS;103;50
316100;;;VEV_5300;SEASHELLS;52;50
316100;;;VEV_5400;SEASHELLS;18;50
316100;;;VEV_5500;SEASHELLS;8;50
316100;;;VEV_6000;SEASHELLS;0;50
316100;;;VEV_6500;SEASHELLS;0;50
316700;;;VELVETFRUIT_EXTRACT;SEASHELLS;5265;50
316700;;;VEV_4000;SEASHELLS;1257;50
316700;;;VEV_4500;SEASHELLS;759;50
316700;;;VEV_5000;SEASHELLS;267;50
316700;;;VEV_5100;SEASHELLS;178;50
316700;;;VEV_5200;SEASHELLS;103;50
316700;;;VEV_5300;SEASHELLS;52;50
316700;;;VEV_5400;SEASHELLS;18;50
316700;;;VEV_5500;SEASHELLS;8;50
316700;;;VEV_6000;SEASHELLS;0;50
316700;;;VEV_6500;SEASHELLS;0;50
319200;;;VELVETFRUIT_EXTRACT;SEASHELLS;5260;50
319200;;;VEV_4000;SEASHELLS;1252;50
319200;;;VEV_4500;SEASHELLS;754;50
319200;;;VEV_5000;SEASHELLS;263;50
319200;;;VEV_5100;SEASHELLS;175;50
319200;;;VEV_5200;SEASHELLS;100;50
319200;;;VEV_5300;SEASHELLS;51;50
319200;;;VEV_5400;SEASHELLS;17;50
319200;;;VEV_5500;SEASHELLS;8;50
319200;;;VEV_6000;SEASHELLS;0;50
319200;;;VEV_6500;SEASHELLS;0;50
320900;;;VELVETFRUIT_EXTRACT;SEASHELLS;5256;50
320900;;;VEV_4000;SEASHELLS;1263;50
320900;;;VEV_4500;SEASHELLS;762;50
320900;;;VEV_5000;SEASHELLS;261;50
320900;;;VEV_5100;SEASHELLS;172;50
320900;;;VEV_5200;SEASHELLS;99;50
320900;;;VEV_5300;SEASHELLS;50;50
320900;;;VEV_5400;SEASHELLS;17;50
320900;;;VEV_5500;SEASHELLS;8;50
320900;;;VEV_6000;SEASHELLS;1;50
320900;;;VEV_6500;SEASHELLS;1;50
323700;;;VELVETFRUIT_EXTRACT;SEASHELLS;5268;50
323700;;;VEV_4000;SEASHELLS;1261;50
323700;;;VEV_4500;SEASHELLS;763;50
323700;;;VEV_5000;SEASHELLS;271;50
323700;;;VEV_5100;SEASHELLS;181;50
323700;;;VEV_5200;SEASHELLS;106;50
323700;;;VEV_5300;SEASHELLS;54;50
323700;;;VEV_5400;SEASHELLS;19;50
323700;;;VEV_5500;SEASHELLS;7;50
323700;;;VEV_6000;SEASHELLS;0;50
323700;;;VEV_6500;SEASHELLS;0;50
323900;;;VELVETFRUIT_EXTRACT;SEASHELLS;5264;50
323900;;;VEV_4000;SEASHELLS;1257;50
323900;;;VEV_4500;SEASHELLS;759;50
323900;;;VEV_5000;SEASHELLS;267;50
323900;;;VEV_5100;SEASHELLS;178;50
323900;;;VEV_5200;SEASHELLS;104;50
323900;;;VEV_5300;SEASHELLS;53;50
323900;;;VEV_5400;SEASHELLS;18;50
323900;;;VEV_5500;SEASHELLS;7;50
323900;;;VEV_6000;SEASHELLS;0;50
323900;;;VEV_6500;SEASHELLS;0;50
324900;;;VELVETFRUIT_EXTRACT;SEASHELLS;5259;50
324900;;;VEV_4000;SEASHELLS;1252;50
324900;;;VEV_4500;SEASHELLS;754;50
324900;;;VEV_5000;SEASHELLS;264;50
324900;;;VEV_5100;SEASHELLS;175;50
324900;;;VEV_5200;SEASHELLS;101;50
324900;;;VEV_5300;SEASHELLS;51;50
324900;;;VEV_5400;SEASHELLS;18;50
324900;;;VEV_5500;SEASHELLS;8;50
324900;;;VEV_6000;SEASHELLS;0;50
324900;;;VEV_6500;SEASHELLS;0;50
331100;;;VELVETFRUIT_EXTRACT;SEASHELLS;5271;50
331100;;;VEV_4000;SEASHELLS;1279;50
331100;;;VEV_4500;SEASHELLS;776;50
331100;;;VEV_5000;SEASHELLS;276;50
331100;;;VEV_5100;SEASHELLS;183;50
331100;;;VEV_5200;SEASHELLS;108;50
331100;;;VEV_5300;SEASHELLS;54;50
331100;;;VEV_5400;SEASHELLS;19;50
331100;;;VEV_5500;SEASHELLS;9;50
331100;;;VEV_6000;SEASHELLS;1;50
331100;;;VEV_6500;SEASHELLS;1;50
332900;;;VELVETFRUIT_EXTRACT;SEASHELLS;5270;50
332900;;;VEV_4000;SEASHELLS;1278;50
332900;;;VEV_4500;SEASHELLS;775;50
332900;;;VEV_5000;SEASHELLS;273;50
332900;;;VEV_5100;SEASHELLS;183;50
332900;;;VEV_5200;SEASHELLS;107;50
332900;;;VEV_5300;SEASHELLS;54;50
332900;;;VEV_5400;SEASHELLS;19;50
332900;;;VEV_5500;SEASHELLS;9;50
332900;;;VEV_6000;SEASHELLS;1;50
332900;;;VEV_6500;SEASHELLS;1;50
337300;;;VELVETFRUIT_EXTRACT;SEASHELLS;5278;50
337300;;;VEV_4000;SEASHELLS;1286;50
337300;;;VEV_4500;SEASHELLS;783;50
337300;;;VEV_5000;SEASHELLS;281;50
337300;;;VEV_5100;SEASHELLS;187;50
337300;;;VEV_5200;SEASHELLS;111;50
337300;;;VEV_5300;SEASHELLS;55;50
337300;;;VEV_5400;SEASHELLS;21;50
337300;;;VEV_5500;SEASHELLS;9;50
337300;;;VEV_6000;SEASHELLS;1;50
337300;;;VEV_6500;SEASHELLS;1;50
337800;;;VELVETFRUIT_EXTRACT;SEASHELLS;5274;50
337800;;;VEV_4000;SEASHELLS;1266;50
337800;;;VEV_4500;SEASHELLS;768;50
337800;;;VEV_5000;SEASHELLS;276;50
337800;;;VEV_5100;SEASHELLS;184;50
337800;;;VEV_5200;SEASHELLS;109;50
337800;;;VEV_5300;SEASHELLS;53;50
337800;;;VEV_5400;SEASHELLS;19;50
337800;;;VEV_5500;SEASHELLS;8;50
337800;;;VEV_6000;SEASHELLS;0;50
337800;;;VEV_6500;SEASHELLS;0;50
339100;;;VELVETFRUIT_EXTRACT;SEASHELLS;5265;50
339100;;;VEV_4000;SEASHELLS;1257;50
339100;;;VEV_4500;SEASHELLS;759;50
339100;;;VEV_5000;SEASHELLS;267;50
339100;;;VEV_5100;SEASHELLS;177;50
339100;;;VEV_5200;SEASHELLS;104;50
339100;;;VEV_5300;SEASHELLS;51;50
339100;;;VEV_5400;SEASHELLS;17;50
339100;;;VEV_5500;SEASHELLS;8;50
339100;;;VEV_6000;SEASHELLS;0;50
339100;;;VEV_6500;SEASHELLS;0;50
341100;;;VELVETFRUIT_EXTRACT;SEASHELLS;5272;50
341100;;;VEV_4000;SEASHELLS;1280;50
341100;;;VEV_4500;SEASHELLS;777;50
341100;;;VEV_5000;SEASHELLS;275;50
341100;;;VEV_5100;SEASHELLS;182;50
341100;;;VEV_5200;SEASHELLS;107;50
341100;;;VEV_5300;SEASHELLS;53;50
341100;;;VEV_5400;SEASHELLS;19;50
341100;;;VEV_5500;SEASHELLS;9;50
341100;;;VEV_6000;SEASHELLS;1;50
341100;;;VEV_6500;SEASHELLS;1;50
345500;;;VELVETFRUIT_EXTRACT;SEASHELLS;5266;50
345500;;;VEV_4000;SEASHELLS;1274;50
345500;;;VEV_4500;SEASHELLS;771;50
345500;;;VEV_5000;SEASHELLS;270;50
345500;;;VEV_5100;SEASHELLS;180;50
345500;;;VEV_5200;SEASHELLS;105;50
345500;;;VEV_5300;SEASHELLS;51;50
345500;;;VEV_5400;SEASHELLS;18;50
345500;;;VEV_5500;SEASHELLS;8;50
345500;;;VEV_6000;SEASHELLS;1;50
345500;;;VEV_6500;SEASHELLS;1;50
348500;;;VELVETFRUIT_EXTRACT;SEASHELLS;5264;50
348500;;;VEV_4000;SEASHELLS;1256;50
348500;;;VEV_4500;SEASHELLS;758;50
348500;;;VEV_5000;SEASHELLS;265;50
348500;;;VEV_5100;SEASHELLS;178;50
348500;;;VEV_5200;SEASHELLS;103;50
348500;;;VEV_5300;SEASHELLS;50;50
348500;;;VEV_5400;SEASHELLS;18;50
348500;;;VEV_5500;SEASHELLS;6;50
348500;;;VEV_6000;SEASHELLS;0;50
348500;;;VEV_6500;SEASHELLS;0;50
353400;;;VELVETFRUIT_EXTRACT;SEASHELLS;5267;50
353400;;;VEV_4000;SEASHELLS;1275;50
353400;;;VEV_4500;SEASHELLS;773;50
353400;;;VEV_5000;SEASHELLS;270;50
353400;;;VEV_5100;SEASHELLS;181;50
353400;;;VEV_5200;SEASHELLS;105;50
353400;;;VEV_5300;SEASHELLS;51;50
353400;;;VEV_5400;SEASHELLS;18;50
353400;;;VEV_5500;SEASHELLS;8;50
353400;;;VEV_6000;SEASHELLS;1;50
353400;;;VEV_6500;SEASHELLS;1;50
360100;;;VELVETFRUIT_EXTRACT;SEASHELLS;5264;50
360100;;;VEV_4000;SEASHELLS;1271;50
360100;;;VEV_4500;SEASHELLS;769;50
360100;;;VEV_5000;SEASHELLS;268;50
360100;;;VEV_5100;SEASHELLS;178;50
360100;;;VEV_5200;SEASHELLS;103;50
360100;;;VEV_5300;SEASHELLS;51;50
360100;;;VEV_5400;SEASHELLS;18;50
360100;;;VEV_5500;SEASHELLS;8;50
360100;;;VEV_6000;SEASHELLS;1;50
360100;;;VEV_6500;SEASHELLS;1;50
364400;;;VELVETFRUIT_EXTRACT;SEASHELLS;5265;50
364400;;;VEV_4000;SEASHELLS;1273;50
364400;;;VEV_4500;SEASHELLS;770;50
364400;;;VEV_5000;SEASHELLS;268;50
364400;;;VEV_5100;SEASHELLS;178;50
364400;;;VEV_5200;SEASHELLS;104;50
364400;;;VEV_5300;SEASHELLS;53;50
364400;;;VEV_5400;SEASHELLS;18;50
364400;;;VEV_5500;SEASHELLS;8;50
364400;;;VEV_6000;SEASHELLS;1;50
364400;;;VEV_6500;SEASHELLS;1;50
365400;;;VELVETFRUIT_EXTRACT;SEASHELLS;5268;50
365400;;;VEV_4000;SEASHELLS;1276;50
365400;;;VEV_4500;SEASHELLS;773;50
365400;;;VEV_5000;SEASHELLS;271;50
365400;;;VEV_5100;SEASHELLS;181;50
365400;;;VEV_5200;SEASHELLS;107;50
365400;;;VEV_5300;SEASHELLS;54;50
365400;;;VEV_5400;SEASHELLS;18;50
365400;;;VEV_5500;SEASHELLS;8;50
365400;;;VEV_6000;SEASHELLS;1;50
365400;;;VEV_6500;SEASHELLS;1;50
367100;;;VELVETFRUIT_EXTRACT;SEASHELLS;5267;50
367100;;;VEV_4000;SEASHELLS;1259;50
367100;;;VEV_4500;SEASHELLS;761;50
367100;;;VEV_5000;SEASHELLS;269;50
367100;;;VEV_5100;SEASHELLS;181;50
367100;;;VEV_5200;SEASHELLS;106;50
367100;;;VEV_5300;SEASHELLS;52;50
367100;;;VEV_5400;SEASHELLS;17;50
367100;;;VEV_5500;SEASHELLS;7;50
367100;;;VEV_6000;SEASHELLS;0;50
367100;;;VEV_6500;SEASHELLS;0;50
372000;;;VELVETFRUIT_EXTRACT;SEASHELLS;5263;50
372000;;;VEV_4000;SEASHELLS;1264;50
372000;;;VEV_4500;SEASHELLS;768;50
372000;;;VEV_5000;SEASHELLS;266;50
372000;;;VEV_5100;SEASHELLS;178;50
372000;;;VEV_5200;SEASHELLS;102;50
372000;;;VEV_5300;SEASHELLS;52;50
372000;;;VEV_5400;SEASHELLS;18;50
372000;;;VEV_5500;SEASHELLS;7;50
372000;;;VEV_6000;SEASHELLS;1;50
372000;;;VEV_6500;SEASHELLS;1;50
372600;;;VELVETFRUIT_EXTRACT;SEASHELLS;5260;50
372600;;;VEV_4000;SEASHELLS;1252;50
372600;;;VEV_4500;SEASHELLS;754;50
372600;;;VEV_5000;SEASHELLS;264;50
372600;;;VEV_5100;SEASHELLS;174;50
372600;;;VEV_5200;SEASHELLS;101;50
372600;;;VEV_5300;SEASHELLS;49;50
372600;;;VEV_5400;SEASHELLS;17;50
372600;;;VEV_5500;SEASHELLS;7;50
372600;;;VEV_6000;SEASHELLS;0;50
372600;;;VEV_6500;SEASHELLS;0;50
375700;;;VELVETFRUIT_EXTRACT;SEASHELLS;5252;50
375700;;;VEV_4000;SEASHELLS;1244;50
375700;;;VEV_4500;SEASHELLS;746;50
375700;;;VEV_5000;SEASHELLS;255;50
375700;;;VEV_5100;SEASHELLS;168;50
375700;;;VEV_5200;SEASHELLS;95;50
375700;;;VEV_5300;SEASHELLS;47;50
375700;;;VEV_5400;SEASHELLS;16;50
375700;;;VEV_5500;SEASHELLS;5;50
375700;;;VEV_6000;SEASHELLS;0;50
375700;;;VEV_6500;SEASHELLS;0;50
375900;;;VELVETFRUIT_EXTRACT;SEASHELLS;5253;50
375900;;;VEV_4000;SEASHELLS;1261;50
375900;;;VEV_4500;SEASHELLS;758;50
375900;;;VEV_5000;SEASHELLS;257;50
375900;;;VEV_5100;SEASHELLS;169;50
375900;;;VEV_5200;SEASHELLS;96;50
375900;;;VEV_5300;SEASHELLS;48;50
375900;;;VEV_5400;SEASHELLS;17;50
375900;;;VEV_5500;SEASHELLS;7;50
375900;;;VEV_6000;SEASHELLS;1;50
375900;;;VEV_6500;SEASHELLS;1;50
377000;;;VELVETFRUIT_EXTRACT;SEASHELLS;5253;50
377000;;;VEV_4000;SEASHELLS;1245;50
377000;;;VEV_4500;SEASHELLS;747;50
377000;;;VEV_5000;SEASHELLS;256;50
377000;;;VEV_5100;SEASHELLS;168;50
377000;;;VEV_5200;SEASHELLS;96;50
377000;;;VEV_5300;SEASHELLS;48;50
377000;;;VEV_5400;SEASHELLS;17;50
377000;;;VEV_5500;SEASHELLS;5;50
377000;;;VEV_6000;SEASHELLS;0;50
377000;;;VEV_6500;SEASHELLS;0;50
388900;;;VELVETFRUIT_EXTRACT;SEASHELLS;5259;50
388900;;;VEV_4000;SEASHELLS;1251;50
388900;;;VEV_4500;SEASHELLS;753;50
388900;;;VEV_5000;SEASHELLS;262;50
388900;;;VEV_5100;SEASHELLS;173;50
388900;;;VEV_5200;SEASHELLS;100;50
388900;;;VEV_5300;SEASHELLS;49;50
388900;;;VEV_5400;SEASHELLS;17;50
388900;;;VEV_5500;SEASHELLS;7;50
388900;;;VEV_6000;SEASHELLS;0;50
388900;;;VEV_6500;SEASHELLS;0;50
389300;;;VELVETFRUIT_EXTRACT;SEASHELLS;5262;50
389300;;;VEV_4000;SEASHELLS;1269;50
389300;;;VEV_4500;SEASHELLS;767;50
389300;;;VEV_5000;SEASHELLS;267;50
389300;;;VEV_5100;SEASHELLS;175;50
389300;;;VEV_5200;SEASHELLS;102;50
389300;;;VEV_5300;SEASHELLS;50;50
389300;;;VEV_5400;SEASHELLS;18;50
389300;;;VEV_5500;SEASHELLS;8;50
389300;;;VEV_6000;SEASHELLS;1;50
389300;;;VEV_6500;SEASHELLS;1;50
394900;;;VELVETFRUIT_EXTRACT;SEASHELLS;5266;50
394900;;;VEV_4000;SEASHELLS;1274;50
394900;;;VEV_4500;SEASHELLS;771;50
394900;;;VEV_5000;SEASHELLS;269;50
394900;;;VEV_5100;SEASHELLS;177;50
394900;;;VEV_5200;SEASHELLS;105;50
394900;;;VEV_5300;SEASHELLS;52;50
394900;;;VEV_5400;SEASHELLS;18;50
394900;;;VEV_5500;SEASHELLS;8;50
394900;;;VEV_6000;SEASHELLS;1;50
394900;;;VEV_6500;SEASHELLS;1;50
395900;;;VELVETFRUIT_EXTRACT;SEASHELLS;5271;50
395900;;;VEV_4000;SEASHELLS;1279;50
395900;;;VEV_4500;SEASHELLS;776;50
395900;;;VEV_5000;SEASHELLS;274;50
395900;;;VEV_5100;SEASHELLS;181;50
395900;;;VEV_5200;SEASHELLS;108;50
395900;;;VEV_5300;SEASHELLS;54;50
395900;;;VEV_5400;SEASHELLS;19;50
395900;;;VEV_5500;SEASHELLS;8;50
395900;;;VEV_6000;SEASHELLS;1;50
395900;;;VEV_6500;SEASHELLS;1;50
397200;;;VELVETFRUIT_EXTRACT;SEASHELLS;5270;50
397200;;;VEV_4000;SEASHELLS;1262;50
397200;;;VEV_4500;SEASHELLS;764;50
397200;;;VEV_5000;SEASHELLS;272;50
397200;;;VEV_5100;SEASHELLS;181;50
397200;;;VEV_5200;SEASHELLS;108;50
397200;;;VEV_5300;SEASHELLS;53;50
397200;;;VEV_5400;SEASHELLS;17;50
397200;;;VEV_5500;SEASHELLS;8;50
397200;;;VEV_6000;SEASHELLS;0;50
397200;;;VEV_6500;SEASHELLS;0;50
398000;;;VELVETFRUIT_EXTRACT;SEASHELLS;5268;50
398000;;;VEV_4000;SEASHELLS;1276;50
398000;;;VEV_4500;SEASHELLS;773;50
398000;;;VEV_5000;SEASHELLS;272;50
398000;;;VEV_5100;SEASHELLS;181;50
398000;;;VEV_5200;SEASHELLS;106;50
398000;;;VEV_5300;SEASHELLS;53;50
398000;;;VEV_5400;SEASHELLS;18;50
398000;;;VEV_5500;SEASHELLS;8;50
398000;;;VEV_6000;SEASHELLS;1;50
398000;;;VEV_6500;SEASHELLS;1;50
398600;;;VELVETFRUIT_EXTRACT;SEASHELLS;5269;50
398600;;;VEV_4000;SEASHELLS;1260;50
398600;;;VEV_4500;SEASHELLS;763;50
398600;;;VEV_5000;SEASHELLS;271;50
398600;;;VEV_5100;SEASHELLS;180;50
398600;;;VEV_5200;SEASHELLS;106;50
398600;;;VEV_5300;SEASHELLS;53;50
398600;;;VEV_5400;SEASHELLS;17;50
398600;;;VEV_5500;SEASHELLS;8;50
398600;;;VEV_6000;SEASHELLS;0;50
398600;;;VEV_6500;SEASHELLS;0;50
398800;;;VELVETFRUIT_EXTRACT;SEASHELLS;5266;50
398800;;;VEV_4000;SEASHELLS;1258;50
398800;;;VEV_4500;SEASHELLS;760;50
398800;;;VEV_5000;SEASHELLS;268;50
398800;;;VEV_5100;SEASHELLS;178;50
398800;;;VEV_5200;SEASHELLS;105;50
398800;;;VEV_5300;SEASHELLS;52;50
398800;;;VEV_5400;SEASHELLS;17;50
398800;;;VEV_5500;SEASHELLS;7;50
398800;;;VEV_6000;SEASHELLS;0;50
398800;;;VEV_6500;SEASHELLS;0;50
400600;;;VELVETFRUIT_EXTRACT;SEASHELLS;5264;50
400600;;;VEV_4000;SEASHELLS;1272;50
400600;;;VEV_4500;SEASHELLS;769;50
400600;;;VEV_5000;SEASHELLS;268;50
400600;;;VEV_5100;SEASHELLS;178;50
400600;;;VEV_5200;SEASHELLS;103;50
400600;;;VEV_5300;SEASHELLS;51;50
400600;;;VEV_5400;SEASHELLS;17;50
400600;;;VEV_5500;SEASHELLS;8;50
400600;;;VEV_6000;SEASHELLS;1;50
400600;;;VEV_6500;SEASHELLS;1;50
401500;;;VELVETFRUIT_EXTRACT;SEASHELLS;5268;50
401500;;;VEV_4000;SEASHELLS;1276;50
401500;;;VEV_4500;SEASHELLS;774;50
401500;;;VEV_5000;SEASHELLS;272;50
401500;;;VEV_5100;SEASHELLS;182;50
401500;;;VEV_5200;SEASHELLS;106;50
401500;;;VEV_5300;SEASHELLS;53;50
401500;;;VEV_5400;SEASHELLS;18;50
401500;;;VEV_5500;SEASHELLS;8;50
401500;;;VEV_6000;SEASHELLS;1;50
401500;;;VEV_6500;SEASHELLS;1;50
405400;;;VELVETFRUIT_EXTRACT;SEASHELLS;5270;50
405400;;;VEV_4000;SEASHELLS;1278;50
405400;;;VEV_4500;SEASHELLS;776;50
405400;;;VEV_5000;SEASHELLS;275;50
405400;;;VEV_5100;SEASHELLS;182;50
405400;;;VEV_5200;SEASHELLS;106;50
405400;;;VEV_5300;SEASHELLS;53;50
405400;;;VEV_5400;SEASHELLS;19;50
405400;;;VEV_5500;SEASHELLS;8;50
405400;;;VEV_6000;SEASHELLS;1;50
405400;;;VEV_6500;SEASHELLS;1;50
406700;;;VELVETFRUIT_EXTRACT;SEASHELLS;5276;50
406700;;;VEV_4000;SEASHELLS;1284;50
406700;;;VEV_4500;SEASHELLS;781;50
406700;;;VEV_5000;SEASHELLS;279;50
406700;;;VEV_5100;SEASHELLS;187;50
406700;;;VEV_5200;SEASHELLS;109;50
406700;;;VEV_5300;SEASHELLS;55;50
406700;;;VEV_5400;SEASHELLS;19;50
406700;;;VEV_5500;SEASHELLS;9;50
406700;;;VEV_6000;SEASHELLS;1;50
406700;;;VEV_6500;SEASHELLS;1;50
407200;;;VELVETFRUIT_EXTRACT;SEASHELLS;5272;50
407200;;;VEV_4000;SEASHELLS;1264;50
407200;;;VEV_4500;SEASHELLS;766;50
407200;;;VEV_5000;SEASHELLS;274;50
407200;;;VEV_5100;SEASHELLS;184;50
407200;;;VEV_5200;SEASHELLS;107;50
407200;;;VEV_5300;SEASHELLS;54;50
407200;;;VEV_5400;SEASHELLS;19;50
407200;;;VEV_5500;SEASHELLS;8;50
407200;;;VEV_6000;SEASHELLS;0;50
407200;;;VEV_6500;SEASHELLS;0;50
409700;;;VELVETFRUIT_EXTRACT;SEASHELLS;5277;50
409700;;;VEV_4000;SEASHELLS;1285;50
409700;;;VEV_4500;SEASHELLS;782;50
409700;;;VEV_5000;SEASHELLS;280;50
409700;;;VEV_5100;SEASHELLS;187;50
409700;;;VEV_5200;SEASHELLS;109;50
409700;;;VEV_5300;SEASHELLS;55;50
409700;;;VEV_5400;SEASHELLS;20;50
409700;;;VEV_5500;SEASHELLS;9;50
409700;;;VEV_6000;SEASHELLS;1;50
409700;;;VEV_6500;SEASHELLS;1;50
411600;;;VELVETFRUIT_EXTRACT;SEASHELLS;5273;50
411600;;;VEV_4000;SEASHELLS;1265;50
411600;;;VEV_4500;SEASHELLS;767;50
411600;;;VEV_5000;SEASHELLS;274;50
411600;;;VEV_5100;SEASHELLS;184;50
411600;;;VEV_5200;SEASHELLS;107;50
411600;;;VEV_5300;SEASHELLS;54;50
411600;;;VEV_5400;SEASHELLS;19;50
411600;;;VEV_5500;SEASHELLS;7;50
411600;;;VEV_6000;SEASHELLS;0;50
411600;;;VEV_6500;SEASHELLS;0;50
411800;;;VELVETFRUIT_EXTRACT;SEASHELLS;5270;50
411800;;;VEV_4000;SEASHELLS;1262;50
411800;;;VEV_4500;SEASHELLS;764;50
411800;;;VEV_5000;SEASHELLS;271;50
411800;;;VEV_5100;SEASHELLS;181;50
411800;;;VEV_5200;SEASHELLS;105;50
411800;;;VEV_5300;SEASHELLS;53;50
411800;;;VEV_5400;SEASHELLS;18;50
411800;;;VEV_5500;SEASHELLS;7;50
411800;;;VEV_6000;SEASHELLS;0;50
411800;;;VEV_6500;SEASHELLS;0;50
412200;;;VELVETFRUIT_EXTRACT;SEASHELLS;5266;50
412200;;;VEV_4000;SEASHELLS;1259;50
412200;;;VEV_4500;SEASHELLS;761;50
412200;;;VEV_5000;SEASHELLS;270;50
412200;;;VEV_5100;SEASHELLS;179;50
412200;;;VEV_5200;SEASHELLS;103;50
412200;;;VEV_5300;SEASHELLS;51;50
412200;;;VEV_5400;SEASHELLS;18;50
412200;;;VEV_5500;SEASHELLS;7;50
412200;;;VEV_6000;SEASHELLS;0;50
412200;;;VEV_6500;SEASHELLS;0;50
414300;;;VELVETFRUIT_EXTRACT;SEASHELLS;5261;50
414300;;;VEV_4000;SEASHELLS;1252;50
414300;;;VEV_4500;SEASHELLS;754;50
414300;;;VEV_5000;SEASHELLS;263;50
414300;;;VEV_5100;SEASHELLS;172;50
414300;;;VEV_5200;SEASHELLS;100;50
414300;;;VEV_5300;SEASHELLS;49;50
414300;;;VEV_5400;SEASHELLS;17;50
414300;;;VEV_5500;SEASHELLS;6;50
414300;;;VEV_6000;SEASHELLS;0;50
414300;;;VEV_6500;SEASHELLS;0;50
414400;;;VELVETFRUIT_EXTRACT;SEASHELLS;5261;50
414400;;;VEV_4000;SEASHELLS;1270;50
414400;;;VEV_4500;SEASHELLS;767;50
414400;;;VEV_5000;SEASHELLS;267;50
414400;;;VEV_5100;SEASHELLS;175;50
414400;;;VEV_5200;SEASHELLS;101;50
414400;;;VEV_5300;SEASHELLS;50;50
414400;;;VEV_5400;SEASHELLS;18;50
414400;;;VEV_5500;SEASHELLS;8;50
414400;;;VEV_6000;SEASHELLS;1;50
414400;;;VEV_6500;SEASHELLS;1;50
415100;;;VELVETFRUIT_EXTRACT;SEASHELLS;5259;50
415100;;;VEV_4000;SEASHELLS;1250;50
415100;;;VEV_4500;SEASHELLS;752;50
415100;;;VEV_5000;SEASHELLS;262;50
415100;;;VEV_5100;SEASHELLS;171;50
415100;;;VEV_5200;SEASHELLS;99;50
415100;;;VEV_5300;SEASHELLS;49;50
415100;;;VEV_5400;SEASHELLS;17;50
415100;;;VEV_5500;SEASHELLS;6;50
415100;;;VEV_6000;SEASHELLS;0;50
415100;;;VEV_6500;SEASHELLS;0;50
416100;;;VELVETFRUIT_EXTRACT;SEASHELLS;5260;50
416100;;;VEV_4000;SEASHELLS;1269;50
416100;;;VEV_4500;SEASHELLS;766;50
416100;;;VEV_5000;SEASHELLS;265;50
416100;;;VEV_5100;SEASHELLS;175;50
416100;;;VEV_5200;SEASHELLS;101;50
416100;;;VEV_5300;SEASHELLS;50;50
416100;;;VEV_5400;SEASHELLS;18;50
416100;;;VEV_5500;SEASHELLS;8;50
416100;;;VEV_6000;SEASHELLS;1;50
416100;;;VEV_6500;SEASHELLS;1;50
417400;;;VELVETFRUIT_EXTRACT;SEASHELLS;5260;50
417400;;;VEV_4000;SEASHELLS;1268;50
417400;;;VEV_4500;SEASHELLS;765;50
417400;;;VEV_5000;SEASHELLS;265;50
417400;;;VEV_5100;SEASHELLS;174;50
417400;;;VEV_5200;SEASHELLS;101;50
417400;;;VEV_5300;SEASHELLS;51;50
417400;;;VEV_5400;SEASHELLS;18;50
417400;;;VEV_5500;SEASHELLS;8;50
417400;;;VEV_6000;SEASHELLS;1;50
417400;;;VEV_6500;SEASHELLS;1;50
419300;;;VELVETFRUIT_EXTRACT;SEASHELLS;5250;50
419300;;;VEV_4000;SEASHELLS;1242;50
419300;;;VEV_4500;SEASHELLS;745;50
419300;;;VEV_5000;SEASHELLS;254;50
419300;;;VEV_5100;SEASHELLS;167;50
419300;;;VEV_5200;SEASHELLS;96;50
419300;;;VEV_5300;SEASHELLS;47;50
419300;;;VEV_5400;SEASHELLS;15;50
419300;;;VEV_5500;SEASHELLS;7;50
419300;;;VEV_6000;SEASHELLS;0;50
419300;;;VEV_6500;SEASHELLS;0;50
419900;;;VELVETFRUIT_EXTRACT;SEASHELLS;5252;50
419900;;;VEV_4000;SEASHELLS;1260;50
419900;;;VEV_4500;SEASHELLS;757;50
419900;;;VEV_5000;SEASHELLS;257;50
419900;;;VEV_5100;SEASHELLS;168;50
419900;;;VEV_5200;SEASHELLS;96;50
419900;;;VEV_5300;SEASHELLS;48;50
419900;;;VEV_5400;SEASHELLS;17;50
419900;;;VEV_5500;SEASHELLS;8;50
419900;;;VEV_6000;SEASHELLS;1;50
419900;;;VEV_6500;SEASHELLS;1;50
421900;;;VELVETFRUIT_EXTRACT;SEASHELLS;5257;50
421900;;;VEV_4000;SEASHELLS;1265;50
421900;;;VEV_4500;SEASHELLS;762;50
421900;;;VEV_5000;SEASHELLS;262;50
421900;;;VEV_5100;SEASHELLS;173;50
421900;;;VEV_5200;SEASHELLS;100;50
421900;;;VEV_5300;SEASHELLS;49;50
421900;;;VEV_5400;SEASHELLS;17;50
421900;;;VEV_5500;SEASHELLS;8;50
421900;;;VEV_6000;SEASHELLS;1;50
421900;;;VEV_6500;SEASHELLS;1;50
423800;;;VELVETFRUIT_EXTRACT;SEASHELLS;5258;50
423800;;;VEV_4000;SEASHELLS;1250;50
423800;;;VEV_4500;SEASHELLS;752;50
423800;;;VEV_5000;SEASHELLS;261;50
423800;;;VEV_5100;SEASHELLS;172;50
423800;;;VEV_5200;SEASHELLS;100;50
423800;;;VEV_5300;SEASHELLS;49;50
423800;;;VEV_5400;SEASHELLS;17;50
423800;;;VEV_5500;SEASHELLS;7;50
423800;;;VEV_6000;SEASHELLS;0;50
423800;;;VEV_6500;SEASHELLS;0;50
424200;;;VELVETFRUIT_EXTRACT;SEASHELLS;5259;50
424200;;;VEV_4000;SEASHELLS;1266;50
424200;;;VEV_4500;SEASHELLS;764;50
424200;;;VEV_5000;SEASHELLS;263;50
424200;;;VEV_5100;SEASHELLS;173;50
424200;;;VEV_5200;SEASHELLS;100;50
424200;;;VEV_5300;SEASHELLS;49;50
424200;;;VEV_5400;SEASHELLS;17;50
424200;;;VEV_5500;SEASHELLS;8;50
424200;;;VEV_6000;SEASHELLS;1;50
424200;;;VEV_6500;SEASHELLS;1;50
426100;;;VELVETFRUIT_EXTRACT;SEASHELLS;5260;50
426100;;;VEV_4000;SEASHELLS;1268;50
426100;;;VEV_4500;SEASHELLS;766;50
426100;;;VEV_5000;SEASHELLS;264;50
426100;;;VEV_5100;SEASHELLS;175;50
426100;;;VEV_5200;SEASHELLS;101;50
426100;;;VEV_5300;SEASHELLS;50;50
426100;;;VEV_5400;SEASHELLS;17;50
426100;;;VEV_5500;SEASHELLS;8;50
426100;;;VEV_6000;SEASHELLS;1;50
426100;;;VEV_6500;SEASHELLS;1;50
427300;;;VELVETFRUIT_EXTRACT;SEASHELLS;5253;50
427300;;;VEV_4000;SEASHELLS;1245;50
427300;;;VEV_4500;SEASHELLS;747;50
427300;;;VEV_5000;SEASHELLS;257;50
427300;;;VEV_5100;SEASHELLS;169;50
427300;;;VEV_5200;SEASHELLS;96;50
427300;;;VEV_5300;SEASHELLS;48;50
427300;;;VEV_5400;SEASHELLS;15;50
427300;;;VEV_5500;SEASHELLS;7;50
427300;;;VEV_6000;SEASHELLS;0;50
427300;;;VEV_6500;SEASHELLS;0;50
428100;;;VELVETFRUIT_EXTRACT;SEASHELLS;5260;50
428100;;;VEV_4000;SEASHELLS;1268;50
428100;;;VEV_4500;SEASHELLS;765;50
428100;;;VEV_5000;SEASHELLS;263;50
428100;;;VEV_5100;SEASHELLS;175;50
428100;;;VEV_5200;SEASHELLS;101;50
428100;;;VEV_5300;SEASHELLS;50;50
428100;;;VEV_5400;SEASHELLS;18;50
428100;;;VEV_5500;SEASHELLS;8;50
428100;;;VEV_6000;SEASHELLS;1;50
428100;;;VEV_6500;SEASHELLS;1;50
428200;;;VELVETFRUIT_EXTRACT;SEASHELLS;5263;50
428200;;;VEV_4000;SEASHELLS;1270;50
428200;;;VEV_4500;SEASHELLS;768;50
428200;;;VEV_5000;SEASHELLS;266;50
428200;;;VEV_5100;SEASHELLS;177;50
428200;;;VEV_5200;SEASHELLS;102;50
428200;;;VEV_5300;SEASHELLS;51;50
428200;;;VEV_5400;SEASHELLS;18;50
428200;;;VEV_5500;SEASHELLS;8;50
428200;;;VEV_6000;SEASHELLS;1;50
428200;;;VEV_6500;SEASHELLS;1;50
430600;;;VELVETFRUIT_EXTRACT;SEASHELLS;5259;50
430600;;;VEV_4000;SEASHELLS;1256;50
430600;;;VEV_4500;SEASHELLS;753;50
430600;;;VEV_5000;SEASHELLS;262;50
430600;;;VEV_5100;SEASHELLS;174;50
430600;;;VEV_5200;SEASHELLS;100;50
430600;;;VEV_5300;SEASHELLS;50;50
430600;;;VEV_5400;SEASHELLS;17;50
430600;;;VEV_5500;SEASHELLS;7;50
430600;;;VEV_6000;SEASHELLS;0;50
430600;;;VEV_6500;SEASHELLS;0;50
432000;;;VELVETFRUIT_EXTRACT;SEASHELLS;5264;50
432000;;;VEV_4000;SEASHELLS;1261;50
432000;;;VEV_4500;SEASHELLS;758;50
432000;;;VEV_5000;SEASHELLS;266;50
432000;;;VEV_5100;SEASHELLS;178;50
432000;;;VEV_5200;SEASHELLS;104;50
432000;;;VEV_5300;SEASHELLS;52;50
432000;;;VEV_5400;SEASHELLS;16;50
432000;;;VEV_5500;SEASHELLS;7;50
432000;;;VEV_6000;SEASHELLS;0;50
432000;;;VEV_6500;SEASHELLS;0;50
435300;;;VELVETFRUIT_EXTRACT;SEASHELLS;5258;50
435300;;;VEV_4000;SEASHELLS;1250;50
435300;;;VEV_4500;SEASHELLS;752;50
435300;;;VEV_5000;SEASHELLS;261;50
435300;;;VEV_5100;SEASHELLS;172;50
435300;;;VEV_5200;SEASHELLS;100;50
435300;;;VEV_5300;SEASHELLS;49;50
435300;;;VEV_5400;SEASHELLS;17;50
435300;;;VEV_5500;SEASHELLS;7;50
435300;;;VEV_6000;SEASHELLS;0;50
435300;;;VEV_6500;SEASHELLS;0;50
435500;;;VELVETFRUIT_EXTRACT;SEASHELLS;5254;50
435500;;;VEV_4000;SEASHELLS;1246;50
435500;;;VEV_4500;SEASHELLS;748;50
435500;;;VEV_5000;SEASHELLS;257;50
435500;;;VEV_5100;SEASHELLS;169;50
435500;;;VEV_5200;SEASHELLS;97;50
435500;;;VEV_5300;SEASHELLS;48;50
435500;;;VEV_5400;SEASHELLS;16;50
435500;;;VEV_5500;SEASHELLS;7;50
435500;;;VEV_6000;SEASHELLS;0;50
435500;;;VEV_6500;SEASHELLS;0;50
436700;;;VELVETFRUIT_EXTRACT;SEASHELLS;5250;50
436700;;;VEV_4000;SEASHELLS;1258;50
436700;;;VEV_4500;SEASHELLS;755;50
436700;;;VEV_5000;SEASHELLS;255;50
436700;;;VEV_5100;SEASHELLS;166;50
436700;;;VEV_5200;SEASHELLS;95;50
436700;;;VEV_5300;SEASHELLS;47;50
436700;;;VEV_5400;SEASHELLS;16;50
436700;;;VEV_5500;SEASHELLS;7;50
436700;;;VEV_6000;SEASHELLS;1;50
436700;;;VEV_6500;SEASHELLS;1;50
440800;;;VELVETFRUIT_EXTRACT;SEASHELLS;5262;50
440800;;;VEV_4000;SEASHELLS;1269;50
440800;;;VEV_4500;SEASHELLS;767;50
440800;;;VEV_5000;SEASHELLS;266;50
440800;;;VEV_5100;SEASHELLS;176;50
440800;;;VEV_5200;SEASHELLS;102;50
440800;;;VEV_5300;SEASHELLS;51;50
440800;;;VEV_5400;SEASHELLS;18;50
440800;;;VEV_5500;SEASHELLS;8;50
440800;;;VEV_6000;SEASHELLS;1;50
440800;;;VEV_6500;SEASHELLS;1;50
441700;;;VELVETFRUIT_EXTRACT;SEASHELLS;5260;50
441700;;;VEV_4000;SEASHELLS;1252;50
441700;;;VEV_4500;SEASHELLS;754;50
441700;;;VEV_5000;SEASHELLS;263;50
441700;;;VEV_5100;SEASHELLS;174;50
441700;;;VEV_5200;SEASHELLS;101;50
441700;;;VEV_5300;SEASHELLS;51;50
441700;;;VEV_5400;SEASHELLS;17;50
441700;;;VEV_5500;SEASHELLS;7;50
441700;;;VEV_6000;SEASHELLS;0;50
441700;;;VEV_6500;SEASHELLS;0;50
445300;;;VELVETFRUIT_EXTRACT;SEASHELLS;5263;50
445300;;;VEV_4000;SEASHELLS;1271;50
445300;;;VEV_4500;SEASHELLS;768;50
445300;;;VEV_5000;SEASHELLS;266;50
445300;;;VEV_5100;SEASHELLS;179;50
445300;;;VEV_5200;SEASHELLS;102;50
445300;;;VEV_5300;SEASHELLS;52;50
445300;;;VEV_5400;SEASHELLS;18;50
445300;;;VEV_5500;SEASHELLS;8;50
445300;;;VEV_6000;SEASHELLS;1;50
445300;;;VEV_6500;SEASHELLS;1;50
446600;;;VELVETFRUIT_EXTRACT;SEASHELLS;5265;50
446600;;;VEV_4000;SEASHELLS;1273;50
446600;;;VEV_4500;SEASHELLS;771;50
446600;;;VEV_5000;SEASHELLS;268;50
446600;;;VEV_5100;SEASHELLS;181;50
446600;;;VEV_5200;SEASHELLS;103;50
446600;;;VEV_5300;SEASHELLS;52;50
446600;;;VEV_5400;SEASHELLS;18;50
446600;;;VEV_5500;SEASHELLS;8;50
446600;;;VEV_6000;SEASHELLS;1;50
446600;;;VEV_6500;SEASHELLS;1;50
447800;;;VELVETFRUIT_EXTRACT;SEASHELLS;5260;50
447800;;;VEV_4000;SEASHELLS;1251;50
447800;;;VEV_4500;SEASHELLS;754;50
447800;;;VEV_5000;SEASHELLS;263;50
447800;;;VEV_5100;SEASHELLS;176;50
447800;;;VEV_5200;SEASHELLS;100;50
447800;;;VEV_5300;SEASHELLS;50;50
447800;;;VEV_5400;SEASHELLS;17;50
447800;;;VEV_5500;SEASHELLS;7;50
447800;;;VEV_6000;SEASHELLS;0;50
447800;;;VEV_6500;SEASHELLS;0;50
449200;;;VELVETFRUIT_EXTRACT;SEASHELLS;5268;50
449200;;;VEV_4000;SEASHELLS;1276;50
449200;;;VEV_4500;SEASHELLS;774;50
449200;;;VEV_5000;SEASHELLS;272;50
449200;;;VEV_5100;SEASHELLS;182;50
449200;;;VEV_5200;SEASHELLS;105;50
449200;;;VEV_5300;SEASHELLS;54;50
449200;;;VEV_5400;SEASHELLS;19;50
449200;;;VEV_5500;SEASHELLS;8;50
449200;;;VEV_6000;SEASHELLS;1;50
449200;;;VEV_6500;SEASHELLS;1;50
450600;;;VELVETFRUIT_EXTRACT;SEASHELLS;5264;50
450600;;;VEV_4000;SEASHELLS;1256;50
450600;;;VEV_4500;SEASHELLS;759;50
450600;;;VEV_5000;SEASHELLS;267;50
450600;;;VEV_5100;SEASHELLS;179;50
450600;;;VEV_5200;SEASHELLS;103;50
450600;;;VEV_5300;SEASHELLS;52;50
450600;;;VEV_5400;SEASHELLS;18;50
450600;;;VEV_5500;SEASHELLS;8;50
450600;;;VEV_6000;SEASHELLS;0;50
450600;;;VEV_6500;SEASHELLS;0;50
453100;;;VELVETFRUIT_EXTRACT;SEASHELLS;5271;50
453100;;;VEV_4000;SEASHELLS;1279;50
453100;;;VEV_4500;SEASHELLS;776;50
453100;;;VEV_5000;SEASHELLS;274;50
453100;;;VEV_5100;SEASHELLS;184;50
453100;;;VEV_5200;SEASHELLS;107;50
453100;;;VEV_5300;SEASHELLS;54;50
453100;;;VEV_5400;SEASHELLS;19;50
453100;;;VEV_5500;SEASHELLS;8;50
453100;;;VEV_6000;SEASHELLS;1;50
453100;;;VEV_6500;SEASHELLS;1;50
454300;;;VELVETFRUIT_EXTRACT;SEASHELLS;5266;50
454300;;;VEV_4000;SEASHELLS;1258;50
454300;;;VEV_4500;SEASHELLS;760;50
454300;;;VEV_5000;SEASHELLS;268;50
454300;;;VEV_5100;SEASHELLS;180;50
454300;;;VEV_5200;SEASHELLS;104;50
454300;;;VEV_5300;SEASHELLS;52;50
454300;;;VEV_5400;SEASHELLS;17;50
454300;;;VEV_5500;SEASHELLS;7;50
454300;;;VEV_6000;SEASHELLS;0;50
454300;;;VEV_6500;SEASHELLS;0;50
455100;;;VELVETFRUIT_EXTRACT;SEASHELLS;5268;50
455100;;;VEV_4000;SEASHELLS;1276;50
455100;;;VEV_4500;SEASHELLS;774;50
455100;;;VEV_5000;SEASHELLS;272;50
455100;;;VEV_5100;SEASHELLS;181;50
455100;;;VEV_5200;SEASHELLS;104;50
455100;;;VEV_5300;SEASHELLS;53;50
455100;;;VEV_5400;SEASHELLS;19;50
455100;;;VEV_5500;SEASHELLS;8;50
455100;;;VEV_6000;SEASHELLS;1;50
455100;;;VEV_6500;SEASHELLS;1;50
455900;;;VELVETFRUIT_EXTRACT;SEASHELLS;5268;50
455900;;;VEV_4000;SEASHELLS;1276;50
455900;;;VEV_4500;SEASHELLS;774;50
455900;;;VEV_5000;SEASHELLS;272;50
455900;;;VEV_5100;SEASHELLS;181;50
455900;;;VEV_5200;SEASHELLS;105;50
455900;;;VEV_5300;SEASHELLS;53;50
455900;;;VEV_5400;SEASHELLS;19;50
455900;;;VEV_5500;SEASHELLS;8;50
455900;;;VEV_6000;SEASHELLS;1;50
455900;;;VEV_6500;SEASHELLS;1;50
456200;;;VELVETFRUIT_EXTRACT;SEASHELLS;5264;50
456200;;;VEV_4000;SEASHELLS;1256;50
456200;;;VEV_4500;SEASHELLS;758;50
456200;;;VEV_5000;SEASHELLS;267;50
456200;;;VEV_5100;SEASHELLS;178;50
456200;;;VEV_5200;SEASHELLS;102;50
456200;;;VEV_5300;SEASHELLS;51;50
456200;;;VEV_5400;SEASHELLS;18;50
456200;;;VEV_5500;SEASHELLS;7;50
456200;;;VEV_6000;SEASHELLS;0;50
456200;;;VEV_6500;SEASHELLS;0;50
457500;;;VELVETFRUIT_EXTRACT;SEASHELLS;5258;50
457500;;;VEV_4000;SEASHELLS;1250;50
457500;;;VEV_4500;SEASHELLS;752;50
457500;;;VEV_5000;SEASHELLS;263;50
457500;;;VEV_5100;SEASHELLS;172;50
457500;;;VEV_5200;SEASHELLS;100;50
457500;;;VEV_5300;SEASHELLS;49;50
457500;;;VEV_5400;SEASHELLS;17;50
457500;;;VEV_5500;SEASHELLS;7;50
457500;;;VEV_6000;SEASHELLS;0;50
457500;;;VEV_6500;SEASHELLS;0;50
459500;;;VELVETFRUIT_EXTRACT;SEASHELLS;5267;50
459500;;;VEV_4000;SEASHELLS;1275;50
459500;;;VEV_4500;SEASHELLS;774;50
459500;;;VEV_5000;SEASHELLS;269;50
459500;;;VEV_5100;SEASHELLS;181;50
459500;;;VEV_5200;SEASHELLS;106;50
459500;;;VEV_5300;SEASHELLS;52;50
459500;;;VEV_5400;SEASHELLS;19;50
459500;;;VEV_5500;SEASHELLS;8;50
459500;;;VEV_6000;SEASHELLS;1;50
459500;;;VEV_6500;SEASHELLS;1;50
460800;;;VELVETFRUIT_EXTRACT;SEASHELLS;5270;50
460800;;;VEV_4000;SEASHELLS;1278;50
460800;;;VEV_4500;SEASHELLS;776;50
460800;;;VEV_5000;SEASHELLS;271;50
460800;;;VEV_5100;SEASHELLS;183;50
460800;;;VEV_5200;SEASHELLS;107;50
460800;;;VEV_5300;SEASHELLS;53;50
460800;;;VEV_5400;SEASHELLS;19;50
460800;;;VEV_5500;SEASHELLS;8;50
460800;;;VEV_6000;SEASHELLS;1;50
460800;;;VEV_6500;SEASHELLS;1;50
464500;;;VELVETFRUIT_EXTRACT;SEASHELLS;5268;50
464500;;;VEV_4000;SEASHELLS;1260;50
464500;;;VEV_4500;SEASHELLS;762;50
464500;;;VEV_5000;SEASHELLS;270;50
464500;;;VEV_5100;SEASHELLS;180;50
464500;;;VEV_5200;SEASHELLS;106;50
464500;;;VEV_5300;SEASHELLS;53;50
464500;;;VEV_5400;SEASHELLS;18;50
464500;;;VEV_5500;SEASHELLS;8;50
464500;;;VEV_6000;SEASHELLS;0;50
464500;;;VEV_6500;SEASHELLS;0;50
465300;;;VELVETFRUIT_EXTRACT;SEASHELLS;5270;50
465300;;;VEV_4000;SEASHELLS;1278;50
465300;;;VEV_4500;SEASHELLS;776;50
465300;;;VEV_5000;SEASHELLS;273;50
465300;;;VEV_5100;SEASHELLS;182;50
465300;;;VEV_5200;SEASHELLS;107;50
465300;;;VEV_5300;SEASHELLS;54;50
465300;;;VEV_5400;SEASHELLS;19;50
465300;;;VEV_5500;SEASHELLS;8;50
465300;;;VEV_6000;SEASHELLS;1;50
465300;;;VEV_6500;SEASHELLS;1;50
468600;;;VELVETFRUIT_EXTRACT;SEASHELLS;5268;50
468600;;;VEV_4000;SEASHELLS;1260;50
468600;;;VEV_4500;SEASHELLS;762;50
468600;;;VEV_5000;SEASHELLS;269;50
468600;;;VEV_5100;SEASHELLS;180;50
468600;;;VEV_5200;SEASHELLS;105;50
468600;;;VEV_5300;SEASHELLS;54;50
468600;;;VEV_5400;SEASHELLS;18;50
468600;;;VEV_5500;SEASHELLS;7;50
468600;;;VEV_6000;SEASHELLS;0;50
468600;;;VEV_6500;SEASHELLS;0;50
469800;;;VELVETFRUIT_EXTRACT;SEASHELLS;5265;50
469800;;;VEV_4000;SEASHELLS;1258;50
469800;;;VEV_4500;SEASHELLS;760;50
469800;;;VEV_5000;SEASHELLS;268;50
469800;;;VEV_5100;SEASHELLS;178;50
469800;;;VEV_5200;SEASHELLS;105;50
469800;;;VEV_5300;SEASHELLS;53;50
469800;;;VEV_5400;SEASHELLS;18;50
469800;;;VEV_5500;SEASHELLS;8;50
469800;;;VEV_6000;SEASHELLS;0;50
469800;;;VEV_6500;SEASHELLS;0;50
470800;;;VELVETFRUIT_EXTRACT;SEASHELLS;5269;50
470800;;;VEV_4000;SEASHELLS;1277;50
470800;;;VEV_4500;SEASHELLS;776;50
470800;;;VEV_5000;SEASHELLS;272;50
470800;;;VEV_5100;SEASHELLS;181;50
470800;;;VEV_5200;SEASHELLS;107;50
470800;;;VEV_5300;SEASHELLS;53;50
470800;;;VEV_5400;SEASHELLS;18;50
470800;;;VEV_5500;SEASHELLS;9;50
470800;;;VEV_6000;SEASHELLS;1;50
470800;;;VEV_6500;SEASHELLS;1;50
472200;;;VELVETFRUIT_EXTRACT;SEASHELLS;5268;50
472200;;;VEV_4000;SEASHELLS;1261;50
472200;;;VEV_4500;SEASHELLS;763;50
472200;;;VEV_5000;SEASHELLS;271;50
472200;;;VEV_5100;SEASHELLS;181;50
472200;;;VEV_5200;SEASHELLS;107;50
472200;;;VEV_5300;SEASHELLS;53;50
472200;;;VEV_5400;SEASHELLS;18;50
472200;;;VEV_5500;SEASHELLS;8;50
472200;;;VEV_6000;SEASHELLS;0;50
472200;;;VEV_6500;SEASHELLS;0;50
479300;;;VELVETFRUIT_EXTRACT;SEASHELLS;5263;50
479300;;;VEV_4000;SEASHELLS;1271;50
479300;;;VEV_4500;SEASHELLS;768;50
479300;;;VEV_5000;SEASHELLS;267;50
479300;;;VEV_5100;SEASHELLS;176;50
479300;;;VEV_5200;SEASHELLS;103;50
479300;;;VEV_5300;SEASHELLS;50;50
479300;;;VEV_5400;SEASHELLS;17;50
479300;;;VEV_5500;SEASHELLS;8;50
479300;;;VEV_6000;SEASHELLS;1;50
479300;;;VEV_6500;SEASHELLS;1;50
480800;;;VELVETFRUIT_EXTRACT;SEASHELLS;5265;50
480800;;;VEV_4000;SEASHELLS;1273;50
480800;;;VEV_4500;SEASHELLS;770;50
480800;;;VEV_5000;SEASHELLS;269;50
480800;;;VEV_5100;SEASHELLS;178;50
480800;;;VEV_5200;SEASHELLS;104;50
480800;;;VEV_5300;SEASHELLS;52;50
480800;;;VEV_5400;SEASHELLS;18;50
480800;;;VEV_5500;SEASHELLS;8;50
480800;;;VEV_6000;SEASHELLS;1;50
480800;;;VEV_6500;SEASHELLS;1;50
482500;;;VELVETFRUIT_EXTRACT;SEASHELLS;5270;50
482500;;;VEV_4000;SEASHELLS;1279;50
482500;;;VEV_4500;SEASHELLS;776;50
482500;;;VEV_5000;SEASHELLS;274;50
482500;;;VEV_5100;SEASHELLS;183;50
482500;;;VEV_5200;SEASHELLS;107;50
482500;;;VEV_5300;SEASHELLS;53;50
482500;;;VEV_5400;SEASHELLS;18;50
482500;;;VEV_5500;SEASHELLS;8;50
482500;;;VEV_6000;SEASHELLS;1;50
482500;;;VEV_6500;SEASHELLS;1;50
483000;;;VELVETFRUIT_EXTRACT;SEASHELLS;5271;50
483000;;;VEV_4000;SEASHELLS;1279;50
483000;;;VEV_4500;SEASHELLS;776;50
483000;;;VEV_5000;SEASHELLS;274;50
483000;;;VEV_5100;SEASHELLS;183;50
483000;;;VEV_5200;SEASHELLS;107;50
483000;;;VEV_5300;SEASHELLS;53;50
483000;;;VEV_5400;SEASHELLS;18;50
483000;;;VEV_5500;SEASHELLS;8;50
483000;;;VEV_6000;SEASHELLS;1;50
483000;;;VEV_6500;SEASHELLS;1;50
483900;;;VELVETFRUIT_EXTRACT;SEASHELLS;5272;50
483900;;;VEV_4000;SEASHELLS;1282;50
483900;;;VEV_4500;SEASHELLS;779;50
483900;;;VEV_5000;SEASHELLS;277;50
483900;;;VEV_5100;SEASHELLS;185;50
483900;;;VEV_5200;SEASHELLS;109;50
483900;;;VEV_5300;SEASHELLS;54;50
483900;;;VEV_5400;SEASHELLS;19;50
483900;;;VEV_5500;SEASHELLS;8;50
483900;;;VEV_6000;SEASHELLS;1;50
483900;;;VEV_6500;SEASHELLS;1;50
485600;;;VELVETFRUIT_EXTRACT;SEASHELLS;5270;50
485600;;;VEV_4000;SEASHELLS;1261;50
485600;;;VEV_4500;SEASHELLS;763;50
485600;;;VEV_5000;SEASHELLS;272;50
485600;;;VEV_5100;SEASHELLS;180;50
485600;;;VEV_5200;SEASHELLS;106;50
485600;;;VEV_5300;SEASHELLS;52;50
485600;;;VEV_5400;SEASHELLS;17;50
485600;;;VEV_5500;SEASHELLS;7;50
485600;;;VEV_6000;SEASHELLS;0;50
485600;;;VEV_6500;SEASHELLS;0;50
486900;;;VELVETFRUIT_EXTRACT;SEASHELLS;5270;50
486900;;;VEV_4000;SEASHELLS;1278;50
486900;;;VEV_4500;SEASHELLS;776;50
486900;;;VEV_5000;SEASHELLS;274;50
486900;;;VEV_5100;SEASHELLS;183;50
486900;;;VEV_5200;SEASHELLS;107;50
486900;;;VEV_5300;SEASHELLS;53;50
486900;;;VEV_5400;SEASHELLS;19;50
486900;;;VEV_5500;SEASHELLS;8;50
486900;;;VEV_6000;SEASHELLS;1;50
486900;;;VEV_6500;SEASHELLS;1;50
488400;;;VELVETFRUIT_EXTRACT;SEASHELLS;5268;50
488400;;;VEV_4000;SEASHELLS;1259;50
488400;;;VEV_4500;SEASHELLS;762;50
488400;;;VEV_5000;SEASHELLS;271;50
488400;;;VEV_5100;SEASHELLS;180;50
488400;;;VEV_5200;SEASHELLS;106;50
488400;;;VEV_5300;SEASHELLS;52;50
488400;;;VEV_5400;SEASHELLS;18;50
488400;;;VEV_5500;SEASHELLS;6;50
488400;;;VEV_6000;SEASHELLS;0;50
488400;;;VEV_6500;SEASHELLS;0;50
490500;;;VELVETFRUIT_EXTRACT;SEASHELLS;5272;50
490500;;;VEV_4000;SEASHELLS;1280;50
490500;;;VEV_4500;SEASHELLS;777;50
490500;;;VEV_5000;SEASHELLS;275;50
490500;;;VEV_5100;SEASHELLS;183;50
490500;;;VEV_5200;SEASHELLS;110;50
490500;;;VEV_5300;SEASHELLS;54;50
490500;;;VEV_5400;SEASHELLS;19;50
490500;;;VEV_5500;SEASHELLS;8;50
490500;;;VEV_6000;SEASHELLS;1;50
490500;;;VEV_6500;SEASHELLS;1;50
496100;;;VELVETFRUIT_EXTRACT;SEASHELLS;5265;50
496100;;;VEV_4000;SEASHELLS;1257;50
496100;;;VEV_4500;SEASHELLS;759;50
496100;;;VEV_5000;SEASHELLS;268;50
496100;;;VEV_5100;SEASHELLS;177;50
496100;;;VEV_5200;SEASHELLS;104;50
496100;;;VEV_5300;SEASHELLS;51;50
496100;;;VEV_5400;SEASHELLS;17;50
496100;;;VEV_5500;SEASHELLS;7;50
496100;;;VEV_6000;SEASHELLS;0;50
496100;;;VEV_6500;SEASHELLS;0;50
496400;;;VELVETFRUIT_EXTRACT;SEASHELLS;5268;50
496400;;;VEV_4000;SEASHELLS;1276;50
496400;;;VEV_4500;SEASHELLS;773;50
496400;;;VEV_5000;SEASHELLS;271;50
496400;;;VEV_5100;SEASHELLS;181;50
496400;;;VEV_5200;SEASHELLS;106;50
496400;;;VEV_5300;SEASHELLS;52;50
496400;;;VEV_5400;SEASHELLS;18;50
496400;;;VEV_5500;SEASHELLS;8;50
496400;;;VEV_6000;SEASHELLS;1;50
496400;;;VEV_6500;SEASHELLS;1;50
498600;;;VELVETFRUIT_EXTRACT;SEASHELLS;5268;50
498600;;;VEV_4000;SEASHELLS;1276;50
498600;;;VEV_4500;SEASHELLS;773;50
498600;;;VEV_5000;SEASHELLS;271;50
498600;;;VEV_5100;SEASHELLS;181;50
498600;;;VEV_5200;SEASHELLS;106;50
498600;;;VEV_5300;SEASHELLS;52;50
498600;;;VEV_5400;SEASHELLS;18;50
498600;;;VEV_5500;SEASHELLS;8;50
498600;;;VEV_6000;SEASHELLS;1;50
498600;;;VEV_6500;SEASHELLS;1;50
500100;;;VELVETFRUIT_EXTRACT;SEASHELLS;5273;50
500100;;;VEV_4000;SEASHELLS;1281;50
500100;;;VEV_4500;SEASHELLS;778;50
500100;;;VEV_5000;SEASHELLS;277;50
500100;;;VEV_5100;SEASHELLS;184;50
500100;;;VEV_5200;SEASHELLS;108;50
500100;;;VEV_5300;SEASHELLS;54;50
500100;;;VEV_5400;SEASHELLS;19;50
500100;;;VEV_5500;SEASHELLS;8;50
500100;;;VEV_6000;SEASHELLS;1;50
500100;;;VEV_6500;SEASHELLS;1;50
507500;;;VELVETFRUIT_EXTRACT;SEASHELLS;5267;50
507500;;;VEV_4000;SEASHELLS;1275;50
507500;;;VEV_4500;SEASHELLS;772;50
507500;;;VEV_5000;SEASHELLS;271;50
507500;;;VEV_5100;SEASHELLS;180;50
507500;;;VEV_5200;SEASHELLS;104;50
507500;;;VEV_5300;SEASHELLS;53;50
507500;;;VEV_5400;SEASHELLS;18;50
507500;;;VEV_5500;SEASHELLS;8;50
507500;;;VEV_6000;SEASHELLS;1;50
507500;;;VEV_6500;SEASHELLS;1;50
508500;;;VELVETFRUIT_EXTRACT;SEASHELLS;5267;50
508500;;;VEV_4000;SEASHELLS;1275;50
508500;;;VEV_4500;SEASHELLS;772;50
508500;;;VEV_5000;SEASHELLS;270;50
508500;;;VEV_5100;SEASHELLS;180;50
508500;;;VEV_5200;SEASHELLS;104;50
508500;;;VEV_5300;SEASHELLS;52;50
508500;;;VEV_5400;SEASHELLS;18;50
508500;;;VEV_5500;SEASHELLS;8;50
508500;;;VEV_6000;SEASHELLS;1;50
508500;;;VEV_6500;SEASHELLS;1;50
509400;;;VELVETFRUIT_EXTRACT;SEASHELLS;5266;50
509400;;;VEV_4000;SEASHELLS;1258;50
509400;;;VEV_4500;SEASHELLS;760;50
509400;;;VEV_5000;SEASHELLS;268;50
509400;;;VEV_5100;SEASHELLS;179;50
509400;;;VEV_5200;SEASHELLS;104;50
509400;;;VEV_5300;SEASHELLS;52;50
509400;;;VEV_5400;SEASHELLS;18;50
509400;;;VEV_5500;SEASHELLS;7;50
509400;;;VEV_6000;SEASHELLS;0;50
509400;;;VEV_6500;SEASHELLS;0;50
515100;;;VELVETFRUIT_EXTRACT;SEASHELLS;5265;50
515100;;;VEV_4000;SEASHELLS;1257;50
515100;;;VEV_4500;SEASHELLS;760;50
515100;;;VEV_5000;SEASHELLS;267;50
515100;;;VEV_5100;SEASHELLS;178;50
515100;;;VEV_5200;SEASHELLS;104;50
515100;;;VEV_5300;SEASHELLS;51;50
515100;;;VEV_5400;SEASHELLS;18;50
515100;;;VEV_5500;SEASHELLS;7;50
515100;;;VEV_6000;SEASHELLS;0;50
515100;;;VEV_6500;SEASHELLS;0;50
516900;;;VELVETFRUIT_EXTRACT;SEASHELLS;5270;50
516900;;;VEV_4000;SEASHELLS;1263;50
516900;;;VEV_4500;SEASHELLS;765;50
516900;;;VEV_5000;SEASHELLS;274;50
516900;;;VEV_5100;SEASHELLS;183;50
516900;;;VEV_5200;SEASHELLS;107;50
516900;;;VEV_5300;SEASHELLS;53;50
516900;;;VEV_5400;SEASHELLS;18;50
516900;;;VEV_5500;SEASHELLS;8;50
516900;;;VEV_6000;SEASHELLS;0;50
516900;;;VEV_6500;SEASHELLS;0;50
517000;;;VELVETFRUIT_EXTRACT;SEASHELLS;5268;50
517000;;;VEV_4000;SEASHELLS;1261;50
517000;;;VEV_4500;SEASHELLS;763;50
517000;;;VEV_5000;SEASHELLS;271;50
517000;;;VEV_5100;SEASHELLS;181;50
517000;;;VEV_5200;SEASHELLS;106;50
517000;;;VEV_5300;SEASHELLS;53;50
517000;;;VEV_5400;SEASHELLS;18;50
517000;;;VEV_5500;SEASHELLS;8;50
517000;;;VEV_6000;SEASHELLS;0;50
517000;;;VEV_6500;SEASHELLS;0;50
519800;;;VELVETFRUIT_EXTRACT;SEASHELLS;5264;50
519800;;;VEV_4000;SEASHELLS;1256;50
519800;;;VEV_4500;SEASHELLS;758;50
519800;;;VEV_5000;SEASHELLS;267;50
519800;;;VEV_5100;SEASHELLS;179;50
519800;;;VEV_5200;SEASHELLS;103;50
519800;;;VEV_5300;SEASHELLS;50;50
519800;;;VEV_5400;SEASHELLS;18;50
519800;;;VEV_5500;SEASHELLS;7;50
519800;;;VEV_6000;SEASHELLS;0;50
519800;;;VEV_6500;SEASHELLS;0;50
520200;;;VELVETFRUIT_EXTRACT;SEASHELLS;5267;50
520200;;;VEV_4000;SEASHELLS;1258;50
520200;;;VEV_4500;SEASHELLS;761;50
520200;;;VEV_5000;SEASHELLS;269;50
520200;;;VEV_5100;SEASHELLS;181;50
520200;;;VEV_5200;SEASHELLS;105;50
520200;;;VEV_5300;SEASHELLS;51;50
520200;;;VEV_5400;SEASHELLS;18;50
520200;;;VEV_5500;SEASHELLS;8;50
520200;;;VEV_6000;SEASHELLS;0;50
520200;;;VEV_6500;SEASHELLS;0;50
525600;;;VELVETFRUIT_EXTRACT;SEASHELLS;5274;50
525600;;;VEV_4000;SEASHELLS;1282;50
525600;;;VEV_4500;SEASHELLS;779;50
525600;;;VEV_5000;SEASHELLS;279;50
525600;;;VEV_5100;SEASHELLS;186;50
525600;;;VEV_5200;SEASHELLS;110;50
525600;;;VEV_5300;SEASHELLS;53;50
525600;;;VEV_5400;SEASHELLS;20;50
525600;;;VEV_5500;SEASHELLS;9;50
525600;;;VEV_6000;SEASHELLS;1;50
525600;;;VEV_6500;SEASHELLS;1;50
525900;;;VELVETFRUIT_EXTRACT;SEASHELLS;5275;50
525900;;;VEV_4000;SEASHELLS;1284;50
525900;;;VEV_4500;SEASHELLS;781;50
525900;;;VEV_5000;SEASHELLS;280;50
525900;;;VEV_5100;SEASHELLS;187;50
525900;;;VEV_5200;SEASHELLS;111;50
525900;;;VEV_5300;SEASHELLS;54;50
525900;;;VEV_5400;SEASHELLS;20;50
525900;;;VEV_5500;SEASHELLS;9;50
525900;;;VEV_6000;SEASHELLS;1;50
525900;;;VEV_6500;SEASHELLS;1;50
532000;;;VELVETFRUIT_EXTRACT;SEASHELLS;5274;50
532000;;;VEV_4000;SEASHELLS;1266;50
532000;;;VEV_4500;SEASHELLS;768;50
532000;;;VEV_5000;SEASHELLS;276;50
532000;;;VEV_5100;SEASHELLS;186;50
532000;;;VEV_5200;SEASHELLS;110;50
532000;;;VEV_5300;SEASHELLS;53;50
532000;;;VEV_5400;SEASHELLS;19;50
532000;;;VEV_5500;SEASHELLS;8;50
532000;;;VEV_6000;SEASHELLS;0;50
532000;;;VEV_6500;SEASHELLS;0;50
541300;;;VELVETFRUIT_EXTRACT;SEASHELLS;5264;50
541300;;;VEV_4000;SEASHELLS;1272;50
541300;;;VEV_4500;SEASHELLS;769;50
541300;;;VEV_5000;SEASHELLS;267;50
541300;;;VEV_5100;SEASHELLS;177;50
541300;;;VEV_5200;SEASHELLS;104;50
541300;;;VEV_5300;SEASHELLS;51;50
541300;;;VEV_5400;SEASHELLS;18;50
541300;;;VEV_5500;SEASHELLS;8;50
541300;;;VEV_6000;SEASHELLS;1;50
541300;;;VEV_6500;SEASHELLS;1;50
544700;;;VELVETFRUIT_EXTRACT;SEASHELLS;5275;50
544700;;;VEV_4000;SEASHELLS;1283;50
544700;;;VEV_4500;SEASHELLS;780;50
544700;;;VEV_5000;SEASHELLS;278;50
544700;;;VEV_5100;SEASHELLS;185;50
544700;;;VEV_5200;SEASHELLS;110;50
544700;;;VEV_5300;SEASHELLS;55;50
544700;;;VEV_5400;SEASHELLS;19;50
544700;;;VEV_5500;SEASHELLS;9;50
544700;;;VEV_6000;SEASHELLS;1;50
544700;;;VEV_6500;SEASHELLS;1;50
546100;;;VELVETFRUIT_EXTRACT;SEASHELLS;5286;50
546100;;;VEV_4000;SEASHELLS;1294;50
546100;;;VEV_4500;SEASHELLS;791;50
546100;;;VEV_5000;SEASHELLS;288;50
546100;;;VEV_5100;SEASHELLS;194;50
546100;;;VEV_5200;SEASHELLS;115;50
546100;;;VEV_5300;SEASHELLS;58;50
546100;;;VEV_5400;SEASHELLS;21;50
546100;;;VEV_5500;SEASHELLS;9;50
546100;;;VEV_6000;SEASHELLS;1;50
546100;;;VEV_6500;SEASHELLS;1;50
548500;;;VELVETFRUIT_EXTRACT;SEASHELLS;5279;50
548500;;;VEV_4000;SEASHELLS;1271;50
548500;;;VEV_4500;SEASHELLS;773;50
548500;;;VEV_5000;SEASHELLS;281;50
548500;;;VEV_5100;SEASHELLS;188;50
548500;;;VEV_5200;SEASHELLS;112;50
548500;;;VEV_5300;SEASHELLS;56;50
548500;;;VEV_5400;SEASHELLS;19;50
548500;;;VEV_5500;SEASHELLS;8;50
548500;;;VEV_6000;SEASHELLS;0;50
548500;;;VEV_6500;SEASHELLS;0;50
548800;;;VELVETFRUIT_EXTRACT;SEASHELLS;5284;50
548800;;;VEV_4000;SEASHELLS;1292;50
548800;;;VEV_4500;SEASHELLS;789;50
548800;;;VEV_5000;SEASHELLS;287;50
548800;;;VEV_5100;SEASHELLS;192;50
548800;;;VEV_5200;SEASHELLS;114;50
548800;;;VEV_5300;SEASHELLS;58;50
548800;;;VEV_5400;SEASHELLS;20;50
548800;;;VEV_5500;SEASHELLS;9;50
548800;;;VEV_6000;SEASHELLS;1;50
548800;;;VEV_6500;SEASHELLS;1;50
550100;;;VELVETFRUIT_EXTRACT;SEASHELLS;5284;50
550100;;;VEV_4000;SEASHELLS;1292;50
550100;;;VEV_4500;SEASHELLS;789;50
550100;;;VEV_5000;SEASHELLS;286;50
550100;;;VEV_5100;SEASHELLS;193;50
550100;;;VEV_5200;SEASHELLS;114;50
550100;;;VEV_5300;SEASHELLS;58;50
550100;;;VEV_5400;SEASHELLS;21;50
550100;;;VEV_5500;SEASHELLS;9;50
550100;;;VEV_6000;SEASHELLS;1;50
550100;;;VEV_6500;SEASHELLS;1;50
557200;;;VELVETFRUIT_EXTRACT;SEASHELLS;5271;50
557200;;;VEV_4000;SEASHELLS;1279;50
557200;;;VEV_4500;SEASHELLS;776;50
557200;;;VEV_5000;SEASHELLS;274;50
557200;;;VEV_5100;SEASHELLS;183;50
557200;;;VEV_5200;SEASHELLS;107;50
557200;;;VEV_5300;SEASHELLS;55;50
557200;;;VEV_5400;SEASHELLS;19;50
557200;;;VEV_5500;SEASHELLS;9;50
557200;;;VEV_6000;SEASHELLS;1;50
557200;;;VEV_6500;SEASHELLS;1;50
561800;;;VELVETFRUIT_EXTRACT;SEASHELLS;5269;50
561800;;;VEV_4000;SEASHELLS;1261;50
561800;;;VEV_4500;SEASHELLS;763;50
561800;;;VEV_5000;SEASHELLS;271;50
561800;;;VEV_5100;SEASHELLS;180;50
561800;;;VEV_5200;SEASHELLS;107;50
561800;;;VEV_5300;SEASHELLS;53;50
